2438 3860
387 524 571 573 CARMINUM
593 525 655 574 bib.
673 526 714 573 lV.
730 524 774 572 xii.
932 527 978 574 143

315 652 383 714 (Non
394 649 460 700 enim
471 651 571 713 posthae
582 650 631 698 alia
641 651 724 700 calebo

310 737 419 800 Femina)
432 738 544 788 condisce
554 739 651 800 modos,
663 739 767 788 amanda

310 827 375 874 Voce
386 840 447 888 quos
455 826 540 875 reddas
552 846 558 874 ι
576 826 716 879 minuentur
727 835 787 876 airae

439 915 552 966 carmine
562 929 635 964 curae.

511 1189 578 1238 ODE
595 1190 652 1236 ΧΠ.

485 1363 519 1398 nn
535 1364 685 1402 vineruunr.

310 1517 365 1564 lm
377 1512 440 1562 veris
448 1513 559 1574 comites,
572 1527 625 1576 que
637 1527 704 1565 mem
715 1522 860 1576 temperant,

311 1603 443 1666 impellunt
452 1602 538 1650 animae
551 1600 626 1650 lintea
637 1601 762 1651 Threciae:

310 1694 367 1740 lam
379 1705 423 1742 nee
430 1699 499 1754 prete
509 1691 598 1754 rigent,
611 1705 655 1740 nec
666 1691 733 1740 fluvii
745 1699 856 1754 strepunt

440 1779 548 1828 Hiberna
558 1778 613 1828 nive
623 1777 721 1838 turgidi.

312 1951 402 2000 Nidum
413 1950 493 2012 ponit,
505 1951 559 2011 Ityn
571 1948 683 1997 flebiliter
694 1963 803 2009 gemens,

313 2038 400 2086 Infelix
412 2037 472 2096 avis,
484 2044 509 2084 et
520 2035 642 2098 cecropiae
651 2035 737 2084 domun

312 2127 441 2174 AEternum
452 2122 621 2186 opprobrium,
632 2122 697 2184 quod
709 2124 772 2172 male
782 2125 894 2172 barbarae

439 2215 532 2273 Regum
543 2218 580 2259 est
589 2211 642 2258 ulte
652 2210 771 2262 libidines.

311 2387 402 2436 Dicunt
412 2385 438 2434 in
449 2393 533 2434 tenero
544 2383 652 2446 gramine
662 2383 799 2447 pinguium·

313 2474 431 2524 Custodes
442 2473 523 2522 ovium
534 2473 652 2532 carmina,
664 2473 747 2522 isnin

312 2563 450 2610 Delectenbe
460 2561 543 2621 deum,
554 2537 594 2610 dui
604 2574 677 2622 pecus
688 2568 713 2610 et
723 2560 787 2622 nigri

441 2649 522 2700 colles
533 2648 643 2698 Arendiae
654 2650 757 2712 plaoent.

312 2822 442 2872 Adduxere
452 2820 518 2872 sitim
530 2827 650 2882 tempera,
661 2819 761 2882 Vergili:

314 2910 361 2958 Sed
371 2923 480 2972 pressum
493 2908 591 2960 Calibus
603 2907 689 2956 ducere
701 2907 814 2956 Liberum

314 2996 341 3044 Si
352 2997 434 3056 gatis,
442 2997 558 3056 juvenum
570 2994 690 3044 nobilium
700 2994 785 3054 cliens,

443 3081 527 3132 Nerdo
536 3081 594 3132 vina
604 3081 735 3128 merebere.
