2432 3874
268 555 316 603 208
510 555 540 606 Q·
559 553 697 602 HORATll
715 555 830 603 FLAccr

270 680 374 743 Appius,
386 679 490 740 ingenuo
502 678 523 726 si
535 693 585 728 non
597 693 675 728 essem
686 687 754 742 petre
765 687 847 740 natus,

271 768 316 816 Vel
328 766 425 826 merito,
436 765 551 827 quoniam
562 765 587 814 in
599 767 697 838 propria
708 781 758 814 non
769 768 833 828 pelle
843 766 973 829 quiessem.

272 857 293 912 1
299 855 346 903 Sed
357 855 463 916 fulgente
474 855 549 904 trahit
560 855 703 904 constrictos
715 854 792 916 glorie
802 871 876 904 curru

271 945 328 992 Non
340 943 421 992 minus
433 943 528 1005 ignotos
539 943 669 1005 generosis.
701 945 784 999 iQuo
794 943 849 1005 tibi,
861 945 939 1006 lulli,

271 1031 372 1080 Sumere
383 1030 519 1093 depositum
530 1032 635 1089 clavum,
646 1030 746 1092 fierique
757 1031 875 1080 tribuno?

272 1118 364 1168 luridis
375 1119 486 1179 secrevit,
497 1119 591 1182 privato
602 1133 655 1179 que
667 1119 748 1167 minor
759 1127 830 1168 esset.

272 1209 337 1255 Nsm
347 1215 375 1255 ut
386 1207 486 1268 quisque
496 1207 596 1255 insanus
608 1206 683 1267 nigris
693 1207 799 1255 medium
811 1207 920 1271 impediit
930 1224 985 1258 crus

273 1295 389 1353 Pellibus,
401 1302 426 1342 et
435 1296 512 1342 latum
524 1293 620 1342 demisit
630 1301 727 1356 pectore
736 1296 846 1357 clarum

271 1382 347 1431 Audit
355 1382 481 1442 contiuuo,
493 1382 554 1436 Quis
565 1383 640 1430 homo
652 1383 711 1432 hic?
730 1391 765 1444 et,
778 1386 833 1437 Quo
844 1390 911 1446 patre
923 1387 1012 1432 ustus?

269 1471 305 1518 Ut
316 1469 337 1518 si
349 1470 389 1530 qui
401 1477 499 1530 aegrotet
509 1483 557 1529 quo
569 1471 655 1518 morbo
667 1473 768 1531 Barrus,
780 1473 863 1521 baberi

272 1558 307 1606 Ut
318 1558 398 1619 cupiet
408 1558 546 1617 formosus3
564 1565 604 1605 eat
615 1572 765 1620 quecunque,
777 1561 864 1624 puellis

271 1645 366 1706 lnjiciat
376 1658 458 1693 crurum
470 1645 591 1705 querendi
603 1646 708 1708 singulo,
720 1650 786 1709 quali
858 1637 861 1645 ’

269 1735 306 1784 Sit
317 1734 387 1794 fecie,
400 1748 456 1783 sura
466 1735 542 1796 qrmli,
554 1736 623 1799 pede,
636 1737 717 1797 dente,
730 1738 832 1800 oepillo:

271 1823 311 1872 Sic
321 1823 363 1884 qui
374 1824 504 1887 promittit,
515 1825 589 1886 cives,
602 1828 695 1875 Urbem
707 1827 752 1875 sibi
763 1841 837 1887 curae,

271 1915 402 1978 Imperium
413 1917 476 1976 fore,
488 1923 512 1963 et
525 1916 619 1965 ltaliam
630 1924 655 1964 et
665 1917 765 1966 delubra
775 1916 876 1964 deorum

268 2006 322 2058 Quo
333 2013 401 2067 petre
413 2005 445 2054 sit
455 2015 537 2066 natus,
549 2023 608 2056 num
620 2006 702 2069 ignote
713 2014 790 2056 matre
802 2005 956 2062 inhonestus,

271 2093 364 2142 Omnes
377 2085 491 2144 mortales
503 2111 588 2145 curare
599 2103 624 2145 et
634 2111 742 2158 quaerere
754 2095 826 2156 cogit.

268 2183 288 2237 il
294 2182 364 2229 Tune
373 2181 437 2245 Syri,
449 2184 543 2242 Deme,
555 2191 597 2232 sut
604 2183 705 2245 Dionysi
717 2183 792 2242 filius,
804 2182 876 2230 andes

269 2268 379 2329 liq‘ioere
389 2284 402 2316 e
413 2283 472 2318 sexo
484 2269 557 2328 cives,
569 2277 612 2317 sut
622 2269 716 2317 tradere
729 2269 840 2318 Cadmo?

270 2358 305 2404 At
316 2355 407 2404 Novius
418 2359 511 2416 collega
521 2357 596 2415 gradu
607 2364 662 2416 post
673 2371 713 2403 me
725 2355 792 2404 sedet
801 2369 870 2415 uno;

270 2433 380 2500 uimque
391 2448 428 2486 est
438 2440 490 2498 ille,
502 2447 570 2500 peter
581 2439 645 2500 quod
656 2450 708 2489 erat
719 2455 796 2489 meus.
828 2443 849 2496 ii
857 2442 909 2488 Hoc
920 2439 964 2488 tibi
977 2441 1066 2489 Paulus

269 2530 302 2578 Et
314 2525 419 2574 Messala
428 2525 534 2572 rideris?
552 2528 586 2573 At
596 2526 646 2584 hic,
658 2527 679 2573 si
688 2527 780 2588 plostra
791 2527 894 2573 ducents

270 2617 468 2674 concurrantque
479 2614 533 2660 foro
544 2611 593 2660 tris
603 2614 699 2672 funere,
711 2625 798 2672 magna
808 2613 904 2662 sonabit

272 2706 370 2755 Cornus
379 2701 444 2764 quod
454 2702 579 2764 vincatque
591 2703 676 2763 tubas;
694 2701 779 2750 saltem
791 2707 858 2751 tenet
869 2703 916 2752 hoc
928 2719 981 2753 nos.

270 2797 289 2855 tl
301 2795 372 2842 Nunc
384 2791 414 2840 ad
425 2805 463 2840 me
474 2790 556 2851 redeo,
567 2789 681 2839 libertino
692 2797 759 2853 patre
770 2798 868 2839 ustum:

270 2886 348 2938 Quem
360 2881 449 2931 rodunt
460 2895 544 2930 omues
555 2879 669 2929 libertino
681 2886 748 2940 patre
759 2886 857 2928 ustum:

270 2973 351 3030 Nunc,
363 2970 429 3032 quis,
442 2967 615 3028 Maecenas,tibi
627 2981 682 3014 sum
694 2965 834 3030 convictor3
851 2976 877 3017 st
887 2968 957 3027 olim,

272 3057 343 3112 Quod
354 3057 415 3106 mihi
425 3065 520 3122 pareret
529 3055 591 3116 legio
603 3056 714 3104 Romano
723 3053 831 3104 tribuno.

237 3185 243 3190 .
271 3144 395 3198 Dissimile
403 3146 449 3195 boe
460 3145 496 3194 illi
506 3151 556 3194 est:
574 3143 630 3206 quis
640 3158 701 3206 non,
713 3150 741 3192 ut
752 3141 823 3192 forsit
833 3143 951 3192 honorem
