2438 3860
249 589 295 639 126

487 583 519 636 o.
536 580 674 629 uonArrr
692 556 809 628 runccr

378 712 443 771 Sive,
455 724 515 772 quos
527 710 588 756 Eleo
597 707 698 756 domum
709 704 820 755 reducit-

377 801 462 850 Palma
471 799 593 857 coelestes,
604 795 740 858 pugilemve
751 809 869 857 equumve

379 888 453 949 Dicit,
465 895 490 936 et
500 893 598 934 centum
610 883 705 947 potiore
716 883 791 944 signis

509 979 612 1025 Munere
624 974 712 1034 donstg
826 959 828 967 ’

380 1153 466 1204 Flebili
477 1165 572 1215 sponsae
580 1151 723 1210 juvenemne
735 1153 830 1210 raptum

382 1243 480 1303 Plorat3
498 1247 522 1288 et
532 1238 595 1287 vires
606 1237 866 1297 animumque-mores·

271 1375 280 1389 ,
382 1334 435 1385 Que
447 1343 532 1378 aurcos
543 1327 625 1376 educit
635 1327 661 1374 in
673 1333 748 1386 astra,
759 1325 841 1386 nigro-

511 1418 564 1468 Que
574 1413 665 1462 invidet
678 1413 752 1462 Orco.

381 1590 461 1639 Multa
472 1586 594 1636 Dircoeum
604 1587 668 1632 levat
678 1596 737 1632 aura
747 1596 858 1644 cycnum,

380 1678 479 1736 Tendit,
491 1673 595 1734 Antoni,
607 1671 700 1734 quoties
711 1670 738 1719 in
750 1671 812 1718 altos

379 1765 489 1834 Nubium
499 1771 604 1814 tractus:
621 1775 676 1824 ego,
688 1759 740 1824 opis
751 1758 851 1808 Matinae

514 1856 585 1902 More
596 1851 716 1912 modoque

386 2033 461 2080 (irase
471 2027 590 2091 carpentis
602 2028 685 2091 thyma
695 2039 738 2087 per
748 2023 856 2071 laborem

387 2120 534 2180 Plurimum,
546 2118 610 2167 circa
621 2129 706 2166 nemus
719 2113 831 2174 uvidique
933 2169 937 2174 .

386 2207 483 2255 Tiburis
495 2206 559 2269 ripas
571 2217 673 2266 operosa
684 2215 771 2265 parvus

517 2291 633 2341 Carmina
643 2291 716 2350 fingo.

388 2445 506 2517 concines
518 2465 610 2522 majore
622 2445 699 2508 Podia
709 2461 801 2520 plectro

387 2555 519 2612 Caesa'rern,
531 2549 673 2613 quandoque
685 2547 765 2595 trahet
776 2545 867 2591 feroces

297 2707 300 2712 μ
386 2642 433 2688 Per
444 2641 544 2688 Sacrum
557 2635 656 2693 clivum,
667 2631 755 2680 merita
766 2630 867 2679 decorus

514 2724 619 2785 Fronde,
631 2722 784 2782 Sicambros3

387 2905 442 2957 Quo
454 2899 515 2949 nihil
527 2899 603 2958 majus
615 2897 731 2945 meliusve
743 2893 816 2942 serris

389 2993 448 3040 Fata
458 2990 577 3038 donavere
587 2986 693 3048 bonique
703 2985 762 3044 divi,

389 3082 439 3128 Nec
451 3079 552 3137 dabunn
564 3075 672 3138 quamvis
684 3073 783 3122 redeant
794 3071 819 3120 in
832 3083 918 3120 aurum

516 3166 638 3229 Tempora
649 3164 763 3228 priscum.
