2400 3898
237 426 299 476 ¹330
399 467 403 478 .
489 427 522 478 Q·
539 424 678 474 Hortarii
695 422 812 472 FLACCI

254 554 303 614 Ne,
316 553 381 602 velut
391 551 469 601 innati
479 551 557 600 triviis
568 565 596 600 sc
606 565 668 613 pene
679 551 798 610 forenses,

254 644 305 692 Aut
315 642 419 691 nimium
430 641 519 700 teneris
527 644 676 703 juvenentur
686 640 795 690 versibus
805 653 914 701 unquam
924 661 932 701 ;

256 733 306 780 Aut
317 731 443 780 immunda
453 737 553 794 crepent
566 730 775 792 ignominiosaque
786 728 861 778 dicta:

257 821 420 870 offenduntur
432 820 498 870 enim
509 820 596 882 quibus
607 827 646 869 est
656 833 742 881 equus,
755 825 780 868 et
790 825 869 881 pater,
882 825 908 866 et
920 832 960 866 res
973 839 982 880 ;

257 910 318 970 Nee,
331 908 352 957 si
363 909 422 971 quid
433 909 498 958 fricti
507 909 592 958 ciceris
603 910 690 978 probat
701 915 726 956 et
735 906 804 956 nucis
815 914 906 966 emtor,

257 1000 344 1061 AEquis
355 999 476 1063 accipiunt
486 999 585 1059 animis,
596 998 716 1047 donantve
727 1010 827 1046 corona

258 1088 356 1151 Syllaba
366 1089 440 1148 longa
449 1088 516 1138 brevi
528 1088 634 1147 subjecte
645 1095 744 1138 vocetur
757 1087 864 1147 lembus,

260 1180 304 1228 Pes
316 1177 395 1239 citus;
412 1178 477 1226 unde
488 1177 562 1226 etiarn
571 1177 690 1226 trimetris
701 1190 835 1226 accrescere
844 1175 919 1237 jussit

260 1265 356 1313 Nomen
370 1265 483 1325 iambeis‚
495 1257 551 1314 cum
562 1279 634 1314 senos
647 1265 758 1314 redderet
768 1265 840 1325 ictus,

260 1351 356 1400 Primus
368 1352 399 1401 ad
410 1361 547 1402 extremum
559 1353 646 1403 similis
657 1354 715 1402 sibi:
733 1367 783 1402 non
796 1353 831 1402 ita
840 1352 944 1416 pridem,

259 1439 364 1489 Tardior
375 1448 402 1488 ut
412 1442 485 1502 paulo
496 1441 640 1501 graviorque
650 1442 744 1492 veniret
754 1443 785 1492 ad
796 1455 878 1502 aures,

260 1528 384 1590 spondeos
396 1527 493 1576 stabiles
505 1526 530 1574 in
540 1528 598 1585 jura
608 1533 710 1587 paterna
720 1529 812 1590 recepit

259 1615 408 1665 Commodus
418 1622 443 1664 et
453 1613 565 1678 patieus;
582 1628 634 1662 non
646 1622 673 1662 ut
684 1614 714 1662 de
726 1614 783 1664 sede
795 1616 900 1666 secunda

262 1705 364 1753 Cederet
375 1712 514 1766 autquarta
524 1703 658 1752 socialiter:
676 1702 716 1752 hic
727 1711 751 1752 et
762 1704 788 1752 in
800 1705 858 1754 Acci

263 1792 391 1842 Nobilibus
403 1792 520 1842 trimetris
531 1799 631 1855 apparet
641 1805 722 1852 rarus,
734 1801 760 1840 et
770 1791 837 1842 Enni

263 1884 290 1930 ln
302 1896 400 1931 scenam
411 1881 498 1930 missos
509 1895 597 1943 magno
608 1895 664 1930 eum
675 1881 782 1944 pondere
792 1895 886 1941 versus,

263 1973 314 2020 Aut
324 1985 403 2034 operae
414 1972 499 2020 celeris
512 1971 615 2021 nimium
626 1984 730 2032 curaque
742 1969 856 2030 carentis,

263 2062 314 2108 Aut
325 2059 441 2121 ignorate
452 2060 541 2123 premit
550 2060 610 2110 artis
621 2059 724 2109 crimine
734 2059 809 2122 turpi.

265 2151 322 2198 Non
335 2149 412 2212 quivis
422 2149 488 2198 videt
498 2148 660 2198 immodulata
670 2151 783 2211 poemata
792 2147 867 2208 iudex
878 2167 885 2209 ;

263 2241 295 2287 Et
306 2238 362 2287 data
373 2239 490 2288 Romanis
500 2237 571 2288 venia
581 2245 619 2286 est
629 2237 729 2299 indigna
739 2235 827 2300 poetis.

266 2327 391 2387 idcircone
402 2342 484 2388 vager,
496 2327 646 2389 scribamque
657 2327 778 2375 licenter?
811 2326 845 2374 Ut
857 2338 942 2372 omnes

266 2414 368 2462 Visuros
380 2422 476 2476 peccata
487 2424 569 2477 putem
582 2430 646 2476 mee,
658 2422 725 2464 tutus
735 2414 837 2464 etintra

267 2505 340 2565 Spem
350 2501 427 2549 veniae
439 2505 542 2550 esuum?
561 2503 634 2550 vitavi
646 2503 750 2566 denique
761 2505 868 2566 cuipam,

267 2593 324 2639 Non
335 2588 432 2638 laudem
442 2589 529 2638 merui.
562 2591 612 2638 Vos
624 2591 773 2654 exemplaria
784 2592 869 2640 Graeca

267 2681 394 2732 Nocturna
405 2686 499 2728 versate
512 2693 596 2740 mauu,
608 2689 703 2730 versate
711 2681 807 2730 diurna.

266 2770 299 2817 At
310 2768 384 2817 vestri
395 2769 479 2831 proavi
490 2770 616 2820 Plautinos
627 2778 653 2819 et
663 2784 779 2818 numeros
790 2778 815 2818 et

267 2857 405 2906 Laudavere
415 2860 477 2910 sales
488 2879 496 2921 ς
514 2859 618 2910 nimium
629 2859 748 2924 patienter
758 2866 899 2922 utrumque,

268 2949 306 2995 Ne
317 2946 396 2995 dicam
407 2949 490 3007 stulte,
503 2949 602 3012 mirati3
620 2950 641 2998 si
653 2947 725 2996 modo
736 2961 781 3009 ego
793 2956 818 3002 et
829 2964 872 2998 voa

268 3035 363 3084 Scimus
374 3035 522 3086 inurbanum
532 3039 613 3104 lepido
624 3051 740 3102 seponere
751 3038 826 3098 dicto,
