2432 3874
225 465 271 512 168
460 466 490 516 Q·
508 463 647 512 HORA'I’II
665 463 782 512 FLACCI

282 590 341 644 Quis
353 589 426 638 sudor
437 588 517 650 netis,
528 597 553 637 et
563 603 635 650 quam
647 591 725 639 maius
736 590 842 652 undique
853 591 968 641 membris

314 676 405 726 Crescit
415 677 476 725 odor
485 680 492 726 1
510 691 566 725 oum
576 691 638 739 pene
648 678 730 726 soluto

286 764 430 813 Indomitum
441 772 554 827 properat
562 765 655 813 rabiem
666 765 749 814 sedare
759 785 768 827 ;
785 780 829 814 nee
839 766 876 815 illi

313 856 371 902 Jam
381 854 662 914 manethumidacreta‚
674 855 788 916 oolorque
961 834 964 840 ’
1010 839 1015 858 ⁸

283 943 394 989 Stercore
405 942 500 991 iuoatus
510 942 626 990 crocodili
636 961 645 1005 3
659 945 758 1004 jamque
769 942 878 991 subando

316 1032 395 1078 Teuta
406 1029 505 1090 cubilia,
517 1036 627 1092 tectaque
637 1031 728 1094 rumpit
737 1050 745 1094 ;

283 1119 328 1165 Vel
337 1131 391 1166 mea
401 1132 456 1167 cunr
468 1118 536 1168 savis
547 1120 621 1180 agitat
631 1119 727 1168 fastidia
736 1119 831 1181 verbis;
892 1129 894 1136 ’

316 1205 414 1254 Inachis
425 1207 525 1268 langues
536 1207 628 1267 minus,
639 1221 666 1256 ao
676 1220 730 1254 me:

280 1294 404 1357 Inachiam
415 1301 454 1344 ter
464 1302 537 1344 nocte
542 1303 630 1358 potsse
648 1296 709 1344 mihi
721 1309 815 1358 semper
825 1293 855 1342 ad
866 1309 940 1343 unum

313 1380 397 1429 Mollis
408 1395 483 1444 opus:
501 1389 583 1444 pereat
593 1382 667 1441 male,
679 1397 731 1443 quae
742 1390 767 1430 te

280 1467 374 1527 Lesbia,
386 1467 503 1527 quaerenti
513 1476 621 1527 taurum,
635 1468 780 1516 monstravit
791 1469 894 1516 inertem
905 1488 913 1528 ;

311 1555 373 1602 Cum
384 1552 445 1600 mihi
458 1553 522 1601 Cous
534 1551 629 1600 adesset
640 1554 768 1615 Ammaia,

280 1642 355 1701 Cuius
367 1641 392 1688 in
404 1638 524 1688 indomito
536 1638 687 1688 constantior
698 1639 797 1700 inguine
808 1655 906 1702 nervus,

309 1733 389 1784 Quam
401 1741 464 1777 nora
474 1727 577 1776 collibus
588 1729 661 1776 arbor
673 1727 786 1778 inheret.

278 1816 412 1866 Muricibus
422 1816 502 1879 Tyriis
513 1815 606 1865 iterata
617 1817 709 1865 vellera
719 1818 782 1865 lanae

209 1905 217 1920 *
312 1905 358 1954 Cui
370 1907 582 1968 proponebantur?
601 1905 658 1954 Tibi
669 1908 679 1954 i
700 1908 794 1969 Nempe

192 1995 195 2002 '
278 1997 316 2042 Ne
327 1995 391 2043 foret
401 1995 504 2056 aequales
516 1994 579 2043 inter
590 1993 699 2055 conviva,
711 1993 786 2055 magis
798 2009 869 2057 quern

310 2082 427 2144 Dii'rgeret
438 2083 527 2132 mulier
539 2097 584 2132 sua
594 2097 667 2144 quarn
677 2091 709 2132 te.

279 2170 301 2219 Ο
314 2184 357 2230 ego
369 2170 465 2229 infelix,
477 2184 549 2231 quarn
560 2177 587 2217 tu
599 2170 671 2230 fugis,
683 2179 711 2218 ut
721 2178 792 2233 pavet
802 2184 868 2219 acres

310 2260 378 2317 Agna
388 2258 469 2320 lupos,
480 2271 619 2320 capramque
630 2258 722 2306 leones.

536 2480 602 2527 ODE
622 2482 692 2528 XIII.

535 2631 570 2665 An
586 2631 692 2667 AMrcos.

247 2762 368 2809 Hormus
379 2765 506 2822 tempestas
517 2761 606 2808 ooelum
616 2759 749 2820 contraxit,
760 2766 785 2808 et
800 2760 889 2810 imbros

278 2849 398 2910 Nivesque
409 2848 530 2898 dedamur
537 2851 643 2912 Jovem;
657 2865 725 2898 nunc
735 2863 812 2910 mare,
824 2866 891 2900 nunc
901 2852 969 2902 siliiae

245 2936 361 3004 Thre'r'eio
372 2937 492 3000 Aquilone
504 2946 600 2988 sonant.
633 2937 753 3001 rapiamus
764 2937 835 2986 amici

280 3023 438 3074 Occasionem
449 3027 479 3075 de
491 3027 546 3089 die;
563 3027 668 3088 dumque
679 3025 758 3074 virent
768 3039 855 3087 genus,
