2432 3874
372 518 565 568 SERMONUM
586 518 649 566 LIB.
666 517 698 566 11.
714 516 746 566 vi.
911 519 956 565 251

161 645 234 692 Illum
246 643 326 708 ipsum
334 653 452 695 merentur
463 645 549 706 aravit,
561 645 627 694 dives
638 644 716 694 enrico

162 734 282 782 Hercule:
300 734 331 794 si,
340 734 405 795 qnod
415 733 493 795 adest,
504 741 599 795 gratnm
607 735 692 796 jnmt3
710 734 755 782 hac
766 747 836 796 preoe
847 740 871 782 te
882 747 938 792 oro,

161 821 253 882 Pingue
264 836 336 884 pecus
348 822 448 871 domino
459 822 543 883 socias,
555 829 581 871 et
590 830 687 882 emtore,
700 829 787 885 praeter

161 908 299 970 Ingenium:
317 917 390 972 utque
401 911 476 970 soles,
487 918 568 959 eustos
579 909 641 957 mihi
651 909 771 958 maximus
783 909 856 959 adsis.
944 939 948 948 ·

158 997 223 1057 Ergo
234 996 276 1044 nbi
289 1009 327 1046 me
337 997 470 1046 inmontes
481 1005 506 1046 et
516 997 542 1045 in
554 1011 633 1045 arcem
644 1011 675 1046 ex
686 998 749 1046 urbe·
755 997 857 1058 removi,

163 1084 239 1147 (Quid
249 1084 316 1148 prins
328 1085 449 1135 illustrem
459 1085 545 1134 Satiris
557 1087 676 1148 Musaque
687 1085 791 1148 pedestri
800 1084 823 1146 ἓ)

159 1173 211 1220 Nec
222 1173 287 1221 mnla
297 1187 336 1221 me
347 1173 447 1222 ambitio
455 1173 545 1236 perdit,
557 1188 601 1223 nee
609 1175 737 1235 plumbeus
747 1175 847 1232 Auster,

158 1261 359 1322 Auotumnusque
370 1261 459 1323 gravis,
471 1262 582 1311 Libitinae
594 1270 699 1324 quaestus
710 1263 810 1311 aoerbae.

158 1349 279 1398 Matutine
290 1357 369 1412 pater,
381 1363 425 1400 seu
434 1352 498 1400 Jane
509 1351 623 1400 libentius
634 1351 713 1412 nudis,

159 1436 231 1485 Unde
242 1437 353 1486 homines
364 1452 465 1508 operum
476 1438 568 1502 primos
580 1439 680 1500 vitaeqne
691 1440 786 1488 labores

159 1524 293 1575 instituunt
308 1527 353 1590 (sic
364 1525 408 1575 Dis
418 1526 543 1590 placitum)
558 1535 586 1576 tu
597 1527 711 1576 terminis
721 1535 774 1576 esto

158 1612 319 1676 Principium:
337 1616 421 1663 Romae
432 1629 574 1678 sponsorem
586 1615 709 1679 menapis.
742 1613 824 1676 iiEjt,

158 1701 197 1748 Ne
208 1701 275 1764 prior
286 1703 364 1752 officio
375 1703 501 1764 quisquam
513 1704 668 1766 respondeat,
677 1717 768 1764 ungue:

157 1789 213 1839 Sive
224 1790 314 1852 Aquilo
326 1791 390 1839 radit
400 1799 487 1850 terras,
500 1805 543 1840 sen
553 1793 641 1840 bruma
651 1793 756 1840 nivalem

157 1877 276 1926 Interiore
282 1878 347 1926 diem
357 1891 415 1941 gyro
426 1877 511 1938 tphit,
524 1878 560 1927 ire
571 1893 667 1928 neeesse
678 1886 723 1928 est.

157 1962 325 2024 iiPostmodo,
337 1965 402 2026 quod
413 1965 448 2013 mi
459 1965 533 2026 obsit,
545 1967 609 2014 clare
617 1974 756 2027 certumque
765 1966 857 2026 locuto,

157 2053 309 2102 Luctnndum
320 2053 346 2101 in
358 2055 445 2116 turbs3
454 2054 571 2103 ⁴socienda
582 2054 672 2114 iniuria
682 2054 767 2103 tardis.

157 2139 249 2197 iiQuid
260 2141 306 2202 vis,
319 2141 422 2190 insane?
441 2150 466 2190 et
477 2155 537 2204 quas
547 2157 587 2191 res
598 2141 648 2204 ogis
661 2141 802 2204 improbus?
820 2150 907 2203 urguet

157 2229 228 2282 iretis
240 2230 367 2293 procibns3
385 2238 412 2279 tu
423 2233 504 2292 pulses
516 2230 666 2292 omnequod
676 2232 766 2291 obstat,

155 2317 195 2366 Ad
207 2319 364 2366 Mmoenntem
376 2319 480 2367 mori
490 2319 511 2367 si
522 2327 604 2367 mente
614 2332 732 2368 recurras.
972 2377 977 2386 ἱ

156 2402 236 2460 iiiior
244 2406 322 2465 juvet,
333 2411 359 2453 et
369 2405 437 2454 melli
447 2414 494 2466 est,
507 2420 557 2454 non
570 2406 681 2455 mentiar.
714 2407 748 2455 At
758 2405 832 2456 simul
845 2413 908 2455 atres

156 2494 262 2542 Ventum
274 2501 312 2542 est
321 2493 453 2554 Esquilias,
465 2493 545 2542 aliens
556 2494 652 2556 negotia
662 2502 759 2544 eentum

157 2581 203 2628 Per
214 2588 285 2644 capnt
295 2589 320 2629 et
330 2581 395 2630 ciros
405 2580 496 2629 saliunt
506 2581 578 2630 latus.
609 2583 675 2632 Ante
685 2581 815 2631 soonndnm

157 2668 257 2717 Bosoitns
268 2671 353 2718 orabat
364 2669 410 2718 sibi
420 2670 515 2720 adesses
526 2670 557 2718 nd
569 2672 653 2720 Puteal
665 2685 727 2720 cres.

157 2757 194 2804 De
206 2769 232 2804 re
243 2757 367 2806 oommnni
378 2758 462 2806 scribae
473 2771 561 2819 magns
573 2767 644 2820 etque
655 2766 753 2807 novate

158 2844 268 2894 orabant
277 2845 349 2894 hodie
359 2847 521 2908 meminisses,
533 2848 633 2908 Quinte,
645 2847 740 2896 reverti.

158 2932 285 2996 inprimet
295 2931 334 2981 his
345 2948 403 2984 curs
414 2936 535 2985 Maecenas
546 2935 614 2996 signa
625 2935 728 2984 tabellis.

157 3021 265 3082 Dheris,
277 3021 408 3084 Experiarz
426 3024 453 3072 Si
464 3025 511 3084 vis,
523 3033 600 3087 potes,
612 3023 689 3084 addit,
700 3031 726 3072 et
736 3022 819 3072 instet.

158 3111 280 3174 Septimus
291 3118 375 3160 octono
386 3112 486 3175 propior
494 3115 546 3174 jnnr
557 3113 645 3175 ingerit
655 3126 743 3172 annm,
