2400 3898
241 477 289 526 ³⁰⁰
479 473 510 526 Q.
528 471 668 522 HORATII
685 470 803 520 rhaccr

242 602 325 657 Qrdd?
344 601 430 662 siquis
442 599 509 648 vultu
520 606 590 646 torvo
601 598 677 656 ierus,
688 605 713 645 et
723 596 782 658 pede
793 597 869 656 nudo,

244 690 390 751 Exiguumque
401 697 462 749 togm
475 688 574 736 simulet
584 694 679 735 textore
691 687 819 745 Catonem,

242 774 392 822 virtutemne
403 779 557 833 representet
568 785 695 832 moresque
707 769 825 820 Catonis?

242 858 315 921 Rupit
327 860 442 907 Iarbitam
453 859 592 918 Timagenis
604 859 693 906 aemula
704 858 796 918 lingua,

241 949 306 996 Dum
317 946 397 996 studet
407 950 525 1008 urbanus,
537 947 661 1008 tenditque
672 947 774 996 disertus
786 947 879 997 haberi.

242 1039 336 1100 Decipit
346 1042 470 1102 exemplar
483 1040 546 1088 vitiis
557 1040 689 1088 imitabile:
707 1040 772 1100 qnod
783 1040 803 1088 si

244 1127 362 1176 Pallerem
374 1142 441 1187 caen,
452 1128 561 1176 biberent
571 1141 692 1187 exsangue
702 1127 836 1176 cuminum.

244 1217 267 1266 0
279 1217 422 1278 imitatores,
434 1233 530 1266 servum
541 1233 623 1279 pecus,
635 1225 663 1266 ut
674 1217 734 1265 mihi
746 1229 808 1280 πρε

242 1305 332 1365 Bilem,
345 1321 407 1368 saepe
414 1308 498 1366 jocum
511 1306 583 1354 vestri
595 1319 691 1354 morere
702 1306 837 1354 tumultun!

243 1394 330 1442 Libera
340 1409 383 1456 per
394 1409 494 1442 vacuum
507 1395 575 1455 posui
587 1394 685 1454 vestigia
695 1395 821 1457 princepe3

244 1481 301 1530 Non
312 1482 391 1528 aliena
403 1496 457 1529 meo
469 1483 544 1543 pressi
556 1483 630 1544 pede:
648 1483 690 1544 qui
701 1483 747 1532 sibi
758 1483 812 1533 tidit

243 1569 300 1616 Dux
312 1568 374 1628 regit
383 1583 493 1616 examen.
527 1571 611 1618 Parios
622 1585 667 1631 ego
678 1572 770 1633 primm
782 1573 874 1620 iambos

244 1656 346 1705 Ostendi
358 1656 438 1717 Latio,
451 1673 566 1706 numeros
578 1661 720 1722 animosque
732 1669 826 1712 secunm

243 1743 393 1804 Archilochi,
405 1760 454 1792 non
467 1760 505 1794 res
516 1755 541 1794 et
552 1748 646 1806 agentia
656 1750 729 1796 verba
740 1749 882 1810 Lycamben.

242 1833 288 1892 Ae,
300 1847 331 1881 ne
343 1848 382 1882 me
394 1834 459 1883 loliis
471 1834 525 1882 ideo
537 1835 685 1884 brevioribus
697 1851 779 1895 ornet,

243 1922 315 1976 Quod
326 1923 396 1970 timui
408 1933 501 1972 mutare
513 1924 598 1971 modos
610 1933 635 1972 et
644 1925 758 1972 carminis
770 1932 862 1985 artem;

243 2011 373 2072 Temperat
383 2012 523 2060 Archilochi
535 2027 629 2062 musam
641 2013 700 2074 pede
712 2016 817 2062 mascula
829 2014 935 2077 Sappho,

242 2100 372 2162 Temperat
381 2101 494 2162 Alcaeus3
511 2101 553 2148 sed
565 2103 635 2148 rebus
646 2109 671 2149 et
682 2101 766 2150 ordine
777 2103 868 2163 dispar,

244 2189 295 2236 Nec
306 2203 415 2236 socerum
427 2189 512 2250 quurit
523 2203 594 2250 quem
609 2190 715 2238 versibus
727 2190 899 2250 oblinuntur,

244 2279 294 2326 Nec
305 2293 399 2339 sponsoe
409 2281 522 2341 laqueum
535 2281 628 2328 famoso
639 2281 745 2330 carmine
757 2283 838 2330 nectit.

244 2367 314 2414 Hunc
325 2381 379 2427 ego,
392 2383 440 2416 non
453 2370 502 2418 alio
512 2370 603 2418 dictum
614 2369 745 2431 prius-ore,
759 2370 859 2420 hunnus

242 2453 343 2511 vulgavi
354 2454 453 2502 fidicen:
468 2459 538 2514 juvat
550 2457 719 2506 immemorata
729 2459 846 2507 ferentem

242 2540 354 2600 ingenuis
365 2541 487 2602 oculisque
498 2543 545 2602 legi
557 2544 714 2607 manibusque
725 2546 809 2596 teneri.

242 2626 308 2676 Scire
319 2628 389 2686 velie,
402 2642 456 2690 mea
466 2644 509 2677 cur
520 2629 627 2691 ingratus
638 2635 754 2696 opuscula
764 2635 839 2683 lector

242 2715 334 2765 Laridet
344 2723 454 2778 ametque
466 2718 542 2778 domi,
554 2730 648 2781 premat
658 2730 728 2772 extra
738 2723 813 2772 limen
824 2723 920 2784 iniquus
930 2725 939 2770 ἓ

242 2805 298 2852 Non
310 2818 354 2865 ego
367 2811 469 2855 ventosae
481 2807 558 2868 plebis
568 2809 682 2871 suffragia
691 2823 765 2858 venor

241 2887 358 2956 inpensis
369 2909 493 2944 coenarum
505 2905 530 2945 et
540 2897 604 2945 tiitae
615 2913 715 2947 munere
725 2898 812 2961 vestim

241 2981 298 3028 Non
309 2994 353 3039 ego
365 2981 484 3031 nobilium
495 2984 639 3047 scriptorum
651 2986 746 3036 auditor
757 2995 782 3035 et
791 2987 869 3046 ultor,

240 3066 415 3116 Grammaticos
425 3071 517 3120 ambire
527 3073 605 3120 tribus
616 3080 641 3120 et
650 3072 744 3135 pulpito
754 3073 853 3135 dignor:
