2400 3898
427 485 470 532 os
492 485 580 538 aurs
597 441 751 551 nouerca
942 489 985 535 ssr

190 609 382 673 Legitimumque
392 625 480 661 sonum
491 611 571 685 digitis
582 613 698 662 callemus
710 620 736 661 et
745 626 811 661 aure.

189 701 303 761 ignotum
314 700 409 762 tragice
421 715 497 762 genus
509 700 632 750 invenisse
643 702 767 751 camoenae

188 787 293 850 Dicitur,
305 797 330 838 et
341 789 456 852 plaustris
465 787 562 838 vexisse
572 793 685 851 mimate
695 788 809 852 Thespis,

188 878 248 931 Quae
259 886 374 926 canerent
385 884 530 939 agerentque
541 877 652 938 peruncti
663 877 762 926 fecium
773 891 825 926 ora.

187 947 246 1013 Post
256 965 322 1014 bunc
334 979 443 1028 persone
454 965 573 1027 pallaeque
584 971 694 1026 repertor
704 964 814 1014 honeste

185 1054 314 1117 AEschylus
325 1061 350 1102 et
361 1053 462 1102 modicis
472 1053 586 1102 instravit
595 1052 689 1116 pulpita
700 1052 783 1114 tignis,

185 1144 217 1191 Et
228 1143 311 1192 docuit
321 1156 482 1205 magnumque
492 1141 570 1204 loqui,
583 1143 676 1204 nitique
687 1143 817 1191 cothurno.

185 1231 305 1280 Successit
316 1240 383 1281 vetus
395 1232 434 1280 his
447 1231 584 1292 comoedia,
596 1245 647 1280 non
662 1232 715 1281 siue
727 1233 805 1281 multa

185 1319 280 1382 Laude3
299 1319 377 1368 sedin
390 1319 476 1368 vitium
487 1320 587 1369 libertas
598 1320 699 1381 excidit,
711 1328 735 1369 et
745 1321 794 1368 vim
892 1381 896 1388 .

183 1407 288 1469 Dignam
299 1410 352 1470 lege
363 1409 428 1470 regi:
446 1411 488 1458 lex
499 1418 537 1458 est
547 1418 653 1473 accepte,
665 1411 801 1472 chorusque

183 1498 298 1560 Turpiter
309 1497 420 1559 obticuit,
433 1500 529 1547 subluto
539 1501 595 1558 jure
608 1498 720 1548 nocendi.
773 1515 777 1521 ·

184 1585 226 1633 Nil
238 1586 384 1636 intentatum
396 1587 475 1636 nostri
486 1587 580 1648 liquere
591 1588 688 1636 Poene:

186 1676 237 1722 Nec
249 1675 379 1723 minimum
391 1688 502 1723 meruere
512 1675 595 1735 decus,
608 1675 708 1735 vestigia
718 1677 806 1724 Graeca

183 1760 244 1809 Ausi
254 1761 375 1819 deserere,
388 1768 412 1808 et
423 1761 545 1809 celebrare
557 1760 689 1810 domestica
700 1762 779 1821 faeta3

182 1851 227 1898 Vel
239 1850 281 1912 qui
292 1856 432 1912 praetextus,
444 1851 482 1899 vel
495 1849 536 1911 qui
548 1849 652 1899 docuere
663 1856 765 1910 togatas.

183 1939 234 1985 Nec
246 1937 333 1986 virtute
344 1938 409 1986 foret
420 1937 521 1986 clamere
533 1938 658 2000 potentius
668 1936 754 1997 armis,

183 2028 262 2081 Quam
274 2026 367 2088 lingua,
379 2026 487 2086 Latium,
499 2026 583 2076 sinon
594 2025 729 2074 offenderet
740 2039 830 2073 unum·

183 2118 309 2180 Quemque
322 2115 454 2190 Poetarum
466 2116 531 2164 limae
543 2095 613 2164 labor
624 2123 649 2164 et
660 2107 737 2163 mo'ra.
751 2159 754 2167 ,
772 2115 833 2173 Vos,
846 2113 869 2162 0

184 2203 318 2266 Pompilius
330 2205 438 2265 sanguis,
449 2217 547 2252 carmen
558 2202 728 2266 reprehendite
739 2202 804 2264 quod
817 2214 867 2249 non

182 2293 263 2342 Multa
272 2293 323 2340 dies
334 2300 359 2340 et
369 2293 448 2340 multa
458 2292 533 2341 litura
542 2291 660 2351 coercuit,
672 2299 744 2352 atque

181 2382 330 2429 Praesectum
340 2380 419 2429 decies
431 2365 481 2430 non
493 2380 618 2442 castigavit
629 2380 659 2428 ad
671 2393 786 2440 unguem.

182 2467 309 2529 Ingenium
320 2468 410 2516 misera
421 2469 478 2530 quia
488 2467 636 2516 fortunatius
649 2475 701 2516 arte

183 2556 276 2615 Credit,
289 2564 314 2604 et
324 2555 433 2604 excludit
444 2570 517 2604 sanos
531 2556 648 2605 Helicone
659 2561 743 2619 poetas

182 2645 345 2704 Democritus,
356 2645 421 2693 bona
431 2651 549 2706 pars'non
559 2659 652 2706 ungues
663 2660 755 2707 ponere
765 2653 844 2705 curat,

181 2735 238 2781 Non
250 2734 361 2793 barbam,
373 2742 465 2784 secretu
475 2734 538 2797 petit
549 2736 613 2794 loca,
624 2735 712 2782 balnea
724 2733 790 2782 vitat.

181 2820 340 2870 Nanciscetur
351 2821 417 2872 enim
428 2823 534 2885 pretium
546 2835 684 2885 nomenque
697 2820 788 2885 polim,

180 2911 207 2960 Si
217 2911 295 2960 tribus
307 2911 429 2974 Anticyris
440 2919 512 2976 ceput
519 2912 653 2961 insanabile
666 2925 792 2974 uunquam

179 3001 285 3049 Tonsori
297 2999 382 3050 Licino
394 3002 550 3052 commiserit.
587 3001 609 3050 0
622 3015 666 3062 ego
677 3002 762 3061 laevus,

180 3087 229 3141 Qui
239 3102 329 3152 purgor
339 3088 414 3138 bilem
425 3089 549 3139 subversi
561 3089 678 3153 temporis
690 3089 793 3138 boram!
862 3105 866 3116 ·
