2432 3874
251 503 298 552 230
485 505 516 557 Q·
535 502 674 552 HORATII
691 502 810 555 FLACCI

252 631 359 694 Occupat
370 631 521 678 humanam?
540 628 642 690 grandes
653 629 752 678 rhombi
760 629 894 693 patineque

250 718 347 768 Grande
359 719 441 766 ferunt
450 731 501 765 una
510 732 565 766 cum
576 717 665 766 domm
677 718 795 766 dedecus:
813 719 874 768 adde

248 810 340 855 Iratum
350 812 475 870 patruum,
486 806 588 867 vicinos,
599 815 624 855 te
634 790 678 855 tibi
690 807 811 869 iniquum,

248 896 280 942 Et
292 895 383 942 frustra
395 894 480 944 mortis
490 895 614 957 cupidum,
621 910 677 944 cum
688 895 767 944 deerit
778 897 858 958 egenti

248 985 293 1042 As,
305 983 385 1044 laquei
396 983 509 1046 pretium.
541 985 612 1044 dure,
623 982 713 1045 inquit,
723 983 842 1032 i'rausius
854 983 908 1031 istis

248 1073 263 1120 J
267 1080 366 1133 ungatur
377 1073 455 1120 verbis
466 1092 471 1119 ι
490 1074 541 1133 Ego
552 1072 677 1133 vectigalis
688 1086 785 1134 magus,

248 1159 396 1224 Divitiosque
404 1161 480 1210 habeo
492 1160 569 1209 tribus
581 1162 673 1222 amplos
684 1160 788 1220 regibus.
822 1161 887 1221 Ergo

250 1247 321 1302 Quod
332 1257 439 1312 superet,
451 1263 501 1298 non
513 1256 550 1297 est
562 1249 648 1297 meiius
660 1262 708 1309 quo
720 1247 844 1295 insumere
853 1247 950 1309 possis?

249 1337 300 1384 Cur
311 1345 364 1397 eget
374 1336 486 1397 indignus
497 1336 633 1398 quisquan,
646 1343 670 1384 te
682 1334 755 1384 divite
767 1338 776 1383 ?
800 1349 874 1397 quere

247 1405 350 1485 Tempia
360 1432 435 1472 ruunt
445 1423 543 1485 antiquo
553 1421 625 1471 deirm
635 1425 644 1470 ἓ
669 1438 723 1483 cur,
736 1423 856 1486 improbe,
868 1437 928 1472 carue

249 1511 305 1558 Nou
316 1509 407 1571 aliquid
418 1510 501 1572 patrie
513 1517 582 1570 tento
593 1510 701 1558 emetiris
708 1517 797 1560 'acervo
809 1514 818 1560 ἓ

248 1598 299 1646 Uni
310 1597 426 1646 nimirum
436 1597 480 1646 tibi
492 1605 556 1646 recte
567 1611 662 1660 semper
675 1606 747 1647 erunt
757 1614 805 1650 res.

247 1688 270 1735 0
282 1698 383 1745 magnus
394 1686 493 1748 posthoc
504 1685 608 1735 inimicis
619 1685 699 1736 risus!
735 1690 830 1738 Uterne

245 1773 285 1821 Ad
296 1787 365 1822 casus
376 1773 462 1827 dubios
473 1775 531 1823 fidet
542 1775 588 1825 sibi
599 1776 707 1826 certius?
726 1775 776 1837 hic,
789 1777 830 1839 qui

247 1862 360 1911 Pluribus
372 1863 474 1913 assuerit
485 1871 592 1913 mentem
604 1879 738 1928 corpusque
750 1866 899 1928 superbum?

244 1952 284 1999 An
296 1950 348 2012 qui,
359 1959 487 2002 contentus
499 1967 572 2014 paruo
583 1961 742 2016 metuensque
754 1953 842 2014 futuri,

245 2040 273 2086 ln
285 2053 353 2101 pace,
364 2048 392 2089 ut
403 2040 508 2103 sapiens,
520 2041 607 2104 aptarit
618 2042 706 2091 idonea
717 2043 800 2091 bello?

244 2125 262 2180 ii
273 2129 327 2180 Quo
340 2127 416 2188 magis
427 2129 465 2176 his
477 2129 560 2177 credas
570 2149 579 2191 ;
596 2144 656 2191 puer
667 2131 732 2178 hunc
743 2145 787 2192 ego
799 2144 886 2192 parvus
897 2131 1006 2180 Ofellum

242 2216 345 2276 Integris
355 2216 441 2278 opibus
453 2197 510 2266 novi
522 2231 572 2266 non
582 2217 654 2265 latius
665 2232 748 2278 usum,

244 2305 323 2356 Quam
335 2318 400 2352 nnnc
412 2305 504 2354 occisis.
536 2306 624 2355 Videas
636 2315 726 2356 metato
737 2307 763 2355 in
775 2309 852 2368 agello

242 2391 304 2438 Cum
315 2405 401 2452 pecore
411 2401 436 2440 et
445 2394 523 2452 gnatis
535 2397 624 2442 fortem
637 2397 747 2444 mercede
758 2397 884 2455 colonum,

240 2475 323 2531 iiNon
335 2490 389 2536 ego,
401 2486 550 2537 narrantem,
563 2487 654 2527 temere
664 2481 702 2528 edi
710 2483 764 2528 luce
776 2483 883 2543 profesta

240 2564 374 2624 Quicquam
385 2570 472 2625 praeter
483 2565 548 2624 olus,
561 2565 662 2612 fumosae
673 2579 728 2614 cum
740 2569 800 2628 pede
812 2581 908 2628 pernae:

238 2656 275 2701 Ac
286 2651 346 2700 mibi
357 2665 399 2700 seu
410 2653 510 2712 longum
521 2659 576 2714 post
586 2658 681 2714 tempus
692 2661 790 2702 venerat
800 2654 898 2717 hospes,

239 2742 294 2791 Sive
306 2755 407 2804 operum
417 2753 492 2790 vacuo
503 2748 584 2802 gratus
596 2739 696 2789 conviva
706 2755 749 2804 per
760 2741 864 2791 imbrem

237 2830 347 2891 Vicinus,
359 2832 420 2879 bene
431 2837 492 2889 erat,
505 2844 555 2877 nou
567 2828 670 2892 piscibus
682 2831 743 2878 urbe
753 2829 845 2892 petitis,

238 2920 286 2968 Sed
296 2919 364 2982 pullo
375 2926 446 2981 etque
456 2916 541 2967 haedo:
559 2925 612 2965 tum
625 2917 724 2979 pensilis
736 2932 783 2967 uva
793 2920 914 2970 secundas

237 3007 269 3056 Et
280 3022 331 3055 nux
342 3008 444 3056 ornabat
454 3021 561 3068 mensas,
571 3021 627 3055 cum
638 3005 732 3069 duplice
745 3009 805 3058 ficu:
910 3003 915 3014 ’

238 3095 296 3143 Post
307 3095 354 3144 hoc
365 3094 437 3145 ludus
448 3105 501 3146 eret
511 3098 582 3160 culpa
591 3103 675 3159 potare
686 3096 816 3160 magistras
