2400 3898
257 501 304 550 26⁰
496 499 528 552 Q·
541 497 686 550 tionem
702 497 820 548 FLAGCl

257 627 339 676 indice
351 631 498 675 monstraret
507 623 595 685 digito:
612 639 671 674 nam
681 631 769 674 cetere
780 626 862 686 turba,

258 717 321 774 Noe,
332 713 441 776 inquam,
452 725 577 762 coenemm
588 726 654 773 aves,
665 711 802 776 conchylia,
814 712 902 775 pisces,

257 805 339 863 bonge
349 800 493 850 dissimilem
503 809 563 849 noto
575 800 679 850 celantia
689 814 805 864 succum3
892 867 896 873 .

258 892 294 941 Ut
303 890 342 938 vel
353 890 471 939 continuo
482 889 570 952 patuit,
581 903 638 938 cum
646 888 749 952 passeris
760 896 832 951 atque

257 979 381 1040 lngusteta
392 977 453 1026 mihi
465 985 607 1040 porrexerat
616 977 661 1028 ilie
670 977 776 1026 rhombi.

256 1069 316 1118 Post
326 1069 373 1118 boc
384 1082 424 1117 me
434 1067 526 1128 domist,
538 1067 661 1116 melimela
673 1069 760 1117 rubere
771 1066 891 1116 minorem

255 1158 295 1208 Ad
305 1159 390 1208 lunam
401 1157 507 1208 delectu:
524 1157 583 1218 quid
593 1157 640 1206 boc
649 1156 757 1218 intersit,
768 1158 799 1205 ab
809 1157 864 1220 ipso

255 1247 369 1297 Audieris
381 1247 477 1296 melius.
508 1248 575 1295 'lirm
584 1245 695 1296 Vibidius
706 1245 851 1308 Balatroni3

255 1337 320 1395 Noe,
331 1334 379 1385 nisi
390 1336 507 1384 damnose
517 1333 633 1394 bibimus,
644 1333 779 1384 moriemur
789 1334 878 1384 inulti:

254 1423 288 1472 Et
297 1423 382 1472 calices
394 1424 472 1486 poscit
482 1425 596 1484 majores.
628 1424 729 1472 Vertere
738 1424 818 1486 pellor

253 1511 319 1558 'lirm
329 1510 429 1571 parochi
439 1509 535 1569 faciem,
548 1510 583 1558 nil
593 1510 628 1559 sic
640 1510 769 1560 metuentis
781 1518 810 1561 ut
819 1524 886 1561 acres

253 1597 373 1658 Potores3
389 1597 428 1644 vel
439 1596 504 1658 quod
515 1595 664 1648 maledicunt
673 1599 784 1659 liberius,
795 1601 834 1650 vel

252 1684 354 1734 Fervida
364 1685 430 1747 quod
440 1685 529 1736 subtile
540 1687 675 1736 exsurdant
681 1687 739 1737 vina
749 1688 865 1751 palatum.

252 1772 380 1822 invertrmt
389 1774 505 1823 Allifanis
515 1774 609 1824 rinmia
619 1782 671 1825 tota

251 1861 361 1912 Vrbidius
372 1863 530 1926 Balatroque,
541 1863 629 1912 secutis
643 1863 771 1914 omnibus:
788 1865 833 1914 imi

253 1949 367 2000 convive
378 1951 435 2000 lecti
446 1951 552 2001 nihilum
563 1965 667 2002 nocuae
677 1951 777 2014 ingenis.

251 2039 359 2088 Affertur
369 2039 470 2102 squillas
481 2040 546 2089 inter
556 2047 782 2090 murrenanatenoes

250 2129 279 2176 ln
291 2129 373 2192 petina
382 2138 501 2192 porrecta
534 2131 585 2180 Sub
595 2130 643 2179 boc
652 2130 738 2192 herus,
750 2132 809 2180 lieet
820 2130 927 2194 gravida,
939 2131 1029 2195 inquit,

250 2217 327 2280 Capta
337 2224 385 2279 est,
396 2218 502 2268 deterior
513 2227 569 2282 post
578 2225 676 2282 partun
686 2231 759 2268 carne
771 2220 860 2278 tumre

250 2308 295 2357 His
307 2309 406 2357 mistum
416 2312 457 2370 J'us
468 2317 522 2372 est3
540 2310 606 2370 oleo,
618 2310 684 2372 quod
691 2290 771 2373 primu
780 2310 880 2360 Venafri

249 2395 340 2444 Pressit
350 2397 428 2458 cella3
445 2411 503 2458 garo
514 2398 544 2446 de
554 2397 631 2447 succis
642 2398 714 2462 piscis
725 2397 805 2460 lberi3
968 2391 971 2396 ’

246 2483 311 2532 Vmo
322 2482 483 2544 quinquenni,
494 2497 578 2532 verum
590 2485 652 2534 eitra
663 2501 730 2536 mare
741 2495 810 2546 nato,

246 2573 311 2622 Dum
320 2569 431 2633 coquitur
447 2571 525 2634 (cocto
538 2571 627 2622 chium
639 2573 674 2622 sic
685 2574 809 2635 convenit,
822 2581 910 2624 utnon

247 2661 301 2712 Hoc
311 2658 387 2722 magis
398 2660 477 2708 ullum
488 2659 565 2723 aliud)
579 2660 662 2726 pipere
673 2665 739 2725 elbo,
751 2677 802 2712 non
813 2663 866 2712 eine
877 2668 955 2722 eoeto,
984 2697 986 2702 .

245 2749 318 2806 Quod
329 2735 519 2814 Methym'naeem
530 2750 589 2800 vitio
601 2752 729 2802 mutaverit
739 2765 819 2802 nvem.

244 2841 335 2890 Enicas
345 2839 444 2902 virides,
456 2840 536 2890 inulae
547 2857 591 2903 ego
601 2841 696 2904 primus
706 2854 800 2890 amares

243 2929 380 2978 Monstrovi
390 2929 528 2992 incoquere,
540 2929 625 2980 illusos
636 2929 755 2979 Curtillus
766 2929 877 2990 echinos,

203 3053 207 3059 .
243 3019 279 3067 Ut
291 3017 377 3066 melius
388 3018 477 3081 muria,
487 3033 560 3082 quam
571 3026 634 3068 testa
644 3019 739 3068 murina
749 3019 861 3070 remittit.

245 3105 341 3156 Interea
352 3120 468 3170 suspensa
478 3123 561 3170 graves
572 3108 648 3157 aulea
659 3106 741 3158 ruinas
