2400 3898
338 613 576 664 EPISTOLARUM
594 615 657 664 LIB.
675 617 695 665 l.
711 616 744 665 vi.
785 658 789 665 .
897 618 944 666 273

140 737 206 793 Quid
216 753 267 788 non
279 739 382 790 ebrietes
392 741 518 804 designat?
538 751 623 806 operta
634 744 738 793 recludit
748 765 756 806 ;

140 828 200 890 Spes
208 829 278 888 jubet
288 843 340 879 esse
351 837 430 894 retss3
447 832 472 880 in
483 832 572 894 proelia
580 833 659 882 tmdit
668 834 771 883 inertem
782 854 790 896 3

140 916 246 966 solicitis
257 917 346 967 animis
358 933 420 968 onus
430 920 531 970 eximit=
549 920 650 970 addocet
660 931 738 970 artes:

140 1007 245 1057 Fecnndi
255 1008 341 1058 calices
352 999 425 1071 duem
436 1010 576 1070 nonfecere
587 1009 704 1058 disertum
715 1013 725 1058 ἰ

142 1096 273 1144 Contracta
283 1111 355 1157 quem
367 1111 418 1144 nou
430 1095 456 1144 in
467 1105 607 1160 paupertate
618 1097 746 1146 solutum?

144 1185 201 1232 llaec
212 1199 256 1245 ego
266 1199 396 1248 procurare
407 1191 432 1233 et
442 1185 543 1233 idoneus
555 1185 672 1248 imperor,
683 1194 709 1234 et
719 1200 768 1234 nou

145 1272 248 1321 invitus:
266 1287 297 1321 ne
307 1281 377 1336 turpe
388 1274 462 1332 toral,
473 1287 505 1322 ne
517 1272 615 1322 sordide
625 1288 713 1336 mappa

145 1361 264 1422 corruget
273 1375 344 1410 nares
353 1381 361 1422 ;
378 1376 410 1410 nc
421 1377 470 1410 non
482 1370 507 1412 et
516 1362 646 1420 canthum
657 1370 682 1412 et
691 1363 749 1412 lanx

146 1448 266 1498 Ostendat
276 1448 320 1497 tibi
330 1457 374 1512 te3
397 1464 428 1499 ne
440 1450 501 1500 lidos
512 1449 576 1502 inter
587 1451 678 1500 amiclis

146 1536 194 1597 Sit,
205 1537 247 1599 qui
257 1537 322 1588 dicta
332 1539 398 1588 foras
409 1538 536 1602 eliminet3
554 1548 582 1589 ut
591 1538 663 1589 coelat
672 1555 716 1604 par

145 1627 313 1689 iungaturque
322 1627 383 1690 pari.
416 1630 519 1678 Butram
528 1629 584 1688 tibi,
595 1630 785 1692 Septiciumque,

147 1717 180 1764 Et
190 1715 236 1765 nisi
246 1731 317 1766 coens
327 1718 395 1780 prior
406 1718 534 1781 potiorque
543 1720 625 1782 puella
639 1719 756 1768 Sabinum

135 1855 137 1858 ,
148 1803 257 1864 Detinet,
268 1813 398 1854 assumam.
431 1807 511 1855 Locus
522 1815 559 1855 est
569 1815 595 1856 et
604 1807 715 1869 pluribus
727 1807 835 1869 umbris;

149 1892 197 1941 Sed
208 1892 281 1942 nimis
291 1901 357 1942 arcta
367 1900 481 1956 premunt
492 1895 565 1944 olidae
576 1896 686 1945 convivis
696 1908 782 1959 cepta.

150 1983 189 2029 lu
199 1987 286 2043 quotus
297 1995 349 2030 esse
359 1963 565 2044 velisjrescribe3
582 1989 607 2032 et
617 1985 690 2033 rebus
702 1983 810 2042 omissis,

151 2068 222 2118 Atria
231 2077 368 2119 servantem
376 2070 470 2134 postico
481 2071 540 2122 falle
555 2070 678 2125 clientem.

446 2345 611 2422 nulsione
626 2367 676 2421 v1.'

460 2550 495 2584 An
512 2549 660 2586 nummum.

159 2694 182 2740 N
185 2706 209 2742 ιι
220 2693 335 2768 edmiruri
347 2713 421 2761 prope
432 2714 471 2748 res
482 2705 519 2748 eet
530 2713 590 2760 unu,
601 2698 711 2757 Numici,

158 2782 272 2843 Solaque,
285 2799 338 2844 quae
349 2787 425 2848 possit
436 2788 514 2836 facere
525 2795 550 2836 et
560 2800 656 2836 servare
662 2787 768 2834 mmm.

160 2867 232 2916 Hunc
244 2870 332 2931 solem,
343 2881 368 2923 et
384 2876 477 2935 stellae,
490 2883 515 2924 et
525 2874 665 2924 decedentia
674 2872 748 2921 certis

159 2957 282 3019 'l'empora
292 2943 432 3022 momentis,
445 2971 503 3012 sunt
510 2963 552 3024 qui
562 2961 693 3011 formidine
703 2960 772 3008 nuda

161 3045 251 3095 imbuti
262 3055 378 3110 spectent.
412 3050 478 3105 Quid
487 3066 571 3100 censes
583 3062 685 3098 munera
695 3049 788 3096 terre?

162 3135 228 3189 Quid
239 3136 314 3186 maris
324 3144 447 3186 extremos
457 3141 549 3188 Arabus
560 3138 659 3188 ditantis
669 3145 695 3186 ct
709 3135 801 3185 Indos?

163 3223 267 3274 ludicra
277 3225 345 3289 quid,
358 3227 457 3290 plausus
467 3235 492 3276 ct
502 3226 574 3276 amici
584 3226 649 3274 dona
662 3223 784 3306 Quiritis?

553 3328 570 3362 τ
