2400 3898
386 573 624 623 EPISTOLARUM
643 575 705 623 ΜΒ.
723 575 755 624 11.
772 575 795 623 i.·
940 576 986 626 305
1062 539 1063 546 ἵ

189 700 297 760 tiQuid?
317 701 358 762 qui
370 701 472 764 deperiit
484 701 565 750 minor
576 715 627 750 nno
637 716 721 750 mense
732 704 771 751 vei
783 716 859 764 anno,

189 791 256 839 Inter
266 804 327 852 quos
339 792 479 841 referendus
491 791 556 840 erit?
575 799 699 841 veteresne
710 795 813 855 pc'e'tas?

188 879 227 926 An
240 893 300 940 quos
311 884 336 927 et
345 895 453 942 praesens
464 888 489 928 et
500 887 596 942 postera
606 887 703 942 respuet
714 884 791 930 nens?

189 967 262 1028 plste
273 968 369 1030 quidem
380 977 473 1017 veteres
485 968 549 1016 inter
560 974 663 1030 ponetur
674 967 786 1028 honeste,

190 1055 238 1110 Qui
249 1057 287 1104 vel
300 1071 383 1105 menae
394 1057 461 1105 brevi
471 1058 510 1104 vel
522 1065 574 1104 tcto
586 1064 623 1104 est
631 1056 715 1116 junior
727 1070 799 1104 anno.

190 1145 278 1203 iJUtor
290 1145 418 1206 permisso,
430 1145 558 1206 caudaeque
567 1144 631 1207 pilos
642 1151 670 1192 ut
680 1143 773 1206 cquinae

191 1231 311 1280 Paulatim
322 1233 396 1292 vello,
409 1240 434 1290 et
444 1232 516 1280 demo
526 1247 613 1293 unum,
625 1233 697 1280 demo
707 1231 781 1280 etiam
792 1246 886 1294 unum;

190 1321 254 1368 Dum
266 1319 336 1369 cadat
346 1321 428 1375 elusus
439 1320 534 1369 ratione
546 1320 639 1369 ruentia
650 1320 738 1380 acervi,

189 1407 238 1462 Qui
250 1407 313 1456 redit
323 1407 354 1456 ad
365 1410 451 1469 fastos,
463 1416 488 1458 et
497 1409 611 1458 virtutem
621 1409 725 1457 aecnnrat
736 1408 817 1468 annis,

191 1496 342 1558 Miraturque
353 1497 415 1546 nihil
427 1497 475 1546 nisi
483 1496 548 1558 quod
559 1497 666 1547 Libitina
676 1497 786 1546 sacravit.

190 1585 294 1646 Ennius,
307 1594 332 1636 et
341 1587 436 1649 capiens
447 1595 472 1635 et
484 1586 564 1648 forus,
577 1594 602 1636 et
613 1587 675 1635 niter
687 1587 819 1645 Homerus,

189 1675 224 1722 Ut
234 1674 311 1722 critici
323 1675 416 1735 dicunt,
426 1675 511 1724 leviter·
522 1689 607 1723 curare
617 1674 711 1723 videtur

189 1763 244 1816 Quo
255 1762 375 1825 promissa
386 1762 482 1823 cadant,
492 1770 519 1835 et
529 1762 626 1811 somnia
638 1762 794 1824 Pythagorea.

188 1849 286 1899 Nerius
297 1850 322 1898 in
335 1850 447 1900 manibus
459 1857 567 1910 nonest,
578 1859 603 1900 et
613 1849 734 1898 mentibus
744 1849 821 1896 iraeret

189 1940 260 1987 Paene
270 1941 373 1987 recens?
393 1939 452 1988 adeo
464 1947 573 1987 sanctum
584 1945 622 1986 est
632 1945 700 1986 vetus
711 1951 784 1986 omne
794 1940 890 1998 poima.

188 2028 325 2089 Ambigitur
337 2028 431 2091 quotics
442 2035 497 2076 uter
508 2035 564 2076 utro
576 2027 609 2075 sit
618 2025 702 2088 prior3
720 2025 799 2073 aufert

187 2116 303 2165 Pacuvius
314 2116 379 2164 docti
391 2117 481 2164 famam
492 2115 566 2175 senis,
577 2113 664 2163 Accius
676 2112 732 2162 alti:
752 2102 757 2112 ’

185 2204 280 2253 Dicitur
290 2202 378 2252 Afrani
389 2212 446 2265 toga
455 2205 595 2252 convenisse
606 2201 760 2262 Menandr03

188 2294 288 2341 Plautus
300 2291 331 2340 ad
342 2293 466 2354 exemplar
478 2292 553 2342 Siculi
565 2303 694 2353 properare
705 2287 860 2350 Epicharmi3

191 2383 292 2430 Vincere
305 2381 417 2431 Caecilius
428 2381 553 2442 gravitate,
565 2379 693 2429 Terentius
706 2385 764 2426 arte.

189 2471 240 2518 Hos
251 2470 345 2530 ediscit,
357 2478 382 2520 et
392 2471 438 2518 hou
450 2477 517 2518 arcto
529 2469 617 2531 stipata
627 2469 723 2516 theatro

188 2561 282 2622 Spectat
293 2562 370 2608 Roma
380 2568 484 2622 potens3
501 2559 574 2607 habet
582 2557 627 2606 hos
639 2562 795 2616 numeratque
807 2556 890 2615 po'etar

150 2689 151 2694 ,
186 2647 226 2695 Ad
236 2655 347 2696 nostrum
359 2656 463 2710 tempus,
476 2645 529 2696 Livi
541 2644 664 2709 scriptoris
677 2646 706 2692 ab
718 2656 777 2692 aevo.

189 2736 313 2783 Interdum
324 2737 408 2797 vulgus
420 2744 513 2786 rectum
524 2735 605 2796 videt3
623 2741 659 2782 est
669 2732 710 2780 ubi
722 2736 812 2792 peccat.

187 2823 214 2872 Si
226 2829 316 2871 veteres
328 2823 362 2873 ita
373 2825 475 2874 miratur
485 2823 615 2885 ¹laudetque
626 2825 721 2883 poetas,

188 2911 224 2960 Ut
234 2909 296 2958 nihil
307 2911 434 2971 anteferat,
447 2912 509 2960 nihil
521 2911 570 2960 illis
582 2914 715 2970 comparet,
727 2910 804 2952 errat:

187 2998 213 3048 Si
226 2999 335 3060 quaedam
346 2999 419 3048 nimis
429 3001 537 3062 antique,
549 3000 570 3050 ui
581 2999 695 3062 pleraque
707 2993 766 3042 dure

188 3086 273 3134 Dicere
283 3085 347 3134 cedit
356 3100 409 3147 eos,
421 3087 504 3148 ignave
515 3085 701 3141 multarentur,

187 3175 219 3221 Et
229 3175 301 3237 sapit,
312 3182 337 3224 et
347 3168 445 3225 mecum'
454 3176 520 3237 facit,
531 3183 556 3226 et
565 3176 628 3224 Jove
635 3171 728 3234 iudicat
737 3181 805 3230 aequo
