2432 3874
357 552 550 604 SERMONUM
567 553 630 602 nin.
647 553 680 602 11.
697 551 729 602 vi.
892 554 940 602 253

143 683 243 742 Pocula,
254 695 297 731 seu
308 679 409 730 moden
419 679 511 730 uvescit
520 679 609 728 letica.
642 680 708 740 Ergo

147 773 233 822 Sermo
245 770 324 819 oritur
334 783 384 818 non
396 768 427 818 de
437 767 501 817 villis
512 766 653 816 domibusve
663 765 760 826 alienis,

147 861 209 918 Nec,
219 859 283 907 male
294 871 370 906 necne
380 857 458 920 Lepos
469 856 541 906 saltet
551 874 560 917 ς
577 854 620 904 sed
630 853 695 916 quud
705 853 780 915 magis
792 854 823 906 sd
833 869 879 904 nos

149 947 267 1006 Pertinet,
278 953 303 994 et
314 944 408 994 nescire
419 944 510 992 mnium
521 949 569 1002 est,
580 941 712 1002 agimmusr
729 949 843 992 utrumne

147 1034 243 1084 Divitiis
253 1033 377 1092 homines,
388 1045 419 1080 an
432 1031 482 1080 sint
491 1029 581 1078 virtute
590 1028 655 1079 beuti
664 1031 674 1078 ἒ

148 1122 242 1178 Quidve
251 1122 282 1169 ad
293 1119 421 1180 amicitias,
433 1132 492 1168 usus
503 1126 638 1177 rectumne,
648 1116 730 1166 trahet
741 1119 805 1166 nov?

149 1212 182 1260 lit
193 1225 246 1272 quae
258 1208 290 1258 sit
301 1215 388 1257 natiue
397 1205 477 1256 boni?
495 1218 665 1266 summumque
675 1205 733 1267 quid
742 1207 794 1266 ejus
805 1207 816 1254 ἓ

152 1298 251 1348 Cervius
262 1297 314 1346 hec
324 1296 389 1346 inter
399 1294 492 1344 ricinus
502 1294 578 1356 garrit
588 1293 665 1344 aniles

151 1389 191 1436 Ex
202 1401 228 1435 re
239 1387 348 1435 fabellas.
379 1383 407 1434 Si
418 1383 472 1446 quis
483 1397 541 1432 aaut
552 1381 635 1432 laudet
644 1382 724 1432 Arelli

153 1475 264 1525 Soiicitas
276 1474 373 1536 ignarus
383 1487 452 1536 opes,
464 1472 499 1522 sic
510 1472 608 1535 incipit:
626 1470 720 1528 iIOlim

154 1563 265 1613 Rusticus
276 1564 396 1612 urbanum
408 1576 503 1612 murem
514 1575 568 1612 mm
579 1573 682 1625 paupere
692 1562 770 1612 fertur

153 1652 279 1717 Accepisse
289 1666 359 1712 cavo,
374 1659 479 1702 veterem
489 1659 557 1702 vetus
568 1651 656 1714 hospes
666 1651 788 1713 emitum
887 1696 891 1703 .

155 1743 244 1804 Asper,
255 1748 280 1789 et
290 1747 397 1790 attentus
407 1738 525 1801 quaesitis,
535 1746 654 1788 attamen
666 1747 760 1789 arctam

156 1830 266 1879 Solveret
276 1827 387 1890 hospitiis
398 1827 516 1876 animum.
546 1827 615 1882 Quid
625 1829 721 1878 multa?
740 1843 818 1892 neque
829 1829 871 1879 iile

157 1915 262 1980 Sepositi
271 1915 366 1975 ciceris,
377 1929 422 1964 nec
433 1916 511 1975 longe
523 1914 609 1964 invidit
619 1929 717 1966 evenaer

156 2004 260 2054 Aridum
271 2012 296 2053 et
305 2017 350 2052 ore
359 2003 440 2052 ferens
449 2002 558 2063 acinum,
568 2017 708 2066 semesaque
719 2005 781 2054 lardi

158 2096 245 2144 Fruste
255 2092 331 2153 dedit,
341 2091 441 2155 cupiens
450 2091 517 2140 varia
527 2091 623 2142 iestiffia
633 2106 703 2142 coena

157 2184 261 2232 Vincere
271 2181 392 2244 tangentis
404 2181 467 2230 maie
476 2180 573 2242 singula
582 2180 654 2231 dente
665 2183 782 2245 superbo:

161 2273 224 2322 Cum
235 2278 303 2333 pater
314 2269 366 2332 ipse
376 2269 462 2318 domus
474 2269 543 2332 pelea
553 2277 678 2332 porrectus
688 2269 715 2320 in
727 2272 806 2321 horna

160 2361 231 2407 Esset
243 2357 303 2406 ador
314 2356 457 2417 loliumque,
469 2355 536 2419 dapis
547 2356 649 2406 meliora
658 2357 806 2421 relinquens.

160 2446 269 2496 Tandem
279 2446 386 2494 urbanus
398 2443 514 2504 adhunc,
526 2445 591 2499 Quid
602 2452 627 2494 te
635 2447 714 2508 juvat,
726 2448 815 2512 inquit,
827 2454 902 2503 amice

163 2536 281 2599 Praerupti
293 2534 540 2598 nemoris-patientem
553 2533 632 2584 vivere
640 2535 736 2586 dorse?

162 2625 204 2673 ists
215 2631 242 2672 tu
252 2623 364 2672 homines
376 2624 508 2684 urbemque
519 2622 576 2671 ieris
591 2639 731 2687 praeponere
742 2626 828 2677 silvis?

165 2713 242 2775 Carpe
251 2711 316 2760 viem
330 2711 401 2776 (mihi
412 2709 492 2772 erede)
506 2725 599 2772 comm,
610 2713 735 2762 terrestria
744 2717 840 2777 quando

164 2800 282 2848 Mortales
294 2797 386 2846 animes
396 2797 480 2846 vivunt
488 2797 587 2859 sortita,
598 2813 676 2862 neque
685 2802 738 2853 ulls
747 2810 785 2851 est

164 2889 215 2936 Aut
226 2899 314 2947 magne
325 2893 367 2934 aut
376 2899 450 2948 parvo
461 2885 505 2936 leti
515 2887 585 2948 iuge:
602 2901 662 2949 quo,
673 2890 746 2950 bone,
757 2890 830 2951 circe

167 2978 230 3028 Cum
241 2973 308 3032 iicet,
320 2973 346 3021 in
358 2975 428 3022 rebus
437 2975 551 3035 jucundis
562 2975 614 3025 vive
625 2977 725 3039 beatum

85 3087 87 3090 ·
165 3064 224 3114 Vive
236 3077 330 3112 memor
340 3075 412 3125 quam
424 3061 457 3111 si
467 3063 513 3112 evi
523 3063 611 3114 brevis.
644 3065 827 3118 Hecabidiete

166 3159 292 3217 Agrestem
303 3153 426 3216 pepulere,
437 3151 511 3200 domo
522 3151 581 3202 levis
589 3151 681 3202 exsilit:
701 3153 758 3206 inde
