2438 3860
351 534 536 583 CARMINUM
553 535 616 582 LlB.
634 535 679 583 Ill.
697 536 774 586 xxvii.

293 660 408 710 Hostium
418 676 507 711 uxores
519 662 635 726 puerique
647 678 723 712 caecos

292 748 402 798 Sentiunt
413 758 493 799 motus
506 750 607 800 orientis
619 752 715 812 Austri,
727 761 752 800 et
811 744 815 752 ’

291 837 407 899 AEquoris
419 839 481 900 nigri
492 839 627 899 fremitum,
639 848 664 889 et
675 847 805 889 trementes

336 963 342 980 ,
421 927 528 975 Verbere
539 926 613 988 ripas.

268 1138 270 1145 v
293 1113 333 1162 Sic
344 1122 368 1162 et
379 1115 477 1176 Europe
488 1112 586 1163 niveum
599 1113 684 1162 doloso

293 1201 402 1250 Credidit
413 1210 484 1250 tauro
495 1202 571 1261 latus,
583 1210 607 1250 et
618 1209 749 1251 scatentem

292 1289 375 1338 Beluis
386 1298 489 1352 pontum
503 1291 641 1353 mediasque
652 1292 748 1340 fraudes

422 1378 513 1427 Palluit
523 1379 610 1428 audax.

292 1553 376 1615 Nuper
386 1552 411 1600 in
424 1553 500 1616 pratis
513 1554 623 1602 studiosa
634 1553 734 1615 florum,
746 1563 771 1602 et

292 1627 383 1689 Debitae
396 1642 514 1704 Nymphis
526 1643 608 1705 opifex
620 1657 728 1703 coronae,

292 1728 370 1775 Nocte
381 1729 498 1777 sublustri
509 1729 571 1776 nihil
582 1736 649 1777 astra
659 1737 747 1790 preter

421 1815 488 1864 Vidit
499 1824 523 1864 et
534 1817 625 1864 undas:

294 1985 354 2036 Quae
366 1984 439 2032 simul
450 1993 548 2034 eentum
559 1986 638 2047 tetigit
648 1993 771 2048 ponentem

294 2071 395 2134 Oppidis
409 2072 509 2134 Creten,
521 2075 603 2135 Pater,
615 2090 630 2123 ο
641 2073 753 2122 relictum

294 2161 361 2211 Filise
373 2177 473 2223 nomen,
484 2163 617 2226 pietasque,
629 2165 701 2226 dixit,

421 2251 491 2301 Victa
501 2252 585 2301 furore
596 2257 601 2300 Ε

297 2420 387 2469 Unde?
407 2436 455 2484 quo
466 2424 540 2472 veni?
558 2425 618 2474 levis
631 2441 679 2476 una
690 2441 757 2476 mors
768 2436 805 2477 est

296 2508 422 2571 virginum
433 2513 519 2575 nupe.
551 2513 691 2576 vigilansne
701 2517 772 2578 ploro

294 2599 376 2662 'lurpe
389 2601 565 2650 commissum?
585 2617 614 2652 en
628 2604 692 2653 vitiis
704 2612 825 2653 carentem

424 2690 496 2738 Ludit
506 2689 585 2751 imago

298 2858 374 2918 Vana,
386 2871 439 2920 quae
450 2869 521 2924 porta
531 2861 625 2924 fugiens
636 2864 728 2911 eburna

297 2945 424 2996 Somnium
435 2950 519 2999 ducit?
539 2951 658 2998 meliusne
669 2948 755 2997 fluctus

297 3033 336 3081 lre
345 3049 389 3096 per
399 3037 485 3097 longos
497 3037 552 3096 fuit,
565 3052 596 3086 en
609 3044 716 3086 recentes

427 3125 531 3186 Carpere
542 3126 634 3174 flores?

917 537 961 584 115
1033 549 1035 554 '
