2400 3898
329 586 568 639 EPISTOLARUM
585 587 648 638 LIB.
666 591 686 638 l.
702 589 752 640 xiv.
894 593 941 642 287

72 764 76 772 ,
142 715 170 762 ln
181 714 252 779 oulps
259 723 296 766 est
304 716 410 780 adlmus,
423 717 464 780 qui
476 731 562 768 senon
575 717 658 780 effugit
668 732 786 782 unquam.

140 805 180 852 Tu
191 803 348 854 mediastinus
359 805 432 855 tacitus
441 820 512 870 prece
522 821 581 858 rure
591 809 700 870 petebus,

142 893 214 941 Nunc
224 894 310 942 urbem
321 901 347 943 et
358 895 428 944 ludos
439 903 465 945 et
474 897 562 945 bslneu
572 896 667 945 villicus
678 905 755 961 optes.

142 982 184 1029 Me
195 989 306 1032 constare
317 983 378 1032 mihi
389 983 446 1044 scis,
456 991 482 1032 et
491 984 614 1033 discedere
625 984 731 1046 tristem,

142 1070 340 1134 Quandocumque
350 1072 452 1121 trahunt
461 1072 539 1120 invisa
549 1071 646 1133 negotis
657 1073 769 1121 Romam.

142 1161 200 1208 Non
211 1160 295 1209 eadem
306 1162 441 1223 miremur;
459 1176 488 1210 eo
500 1161 652 1210 disconvenit
662 1161 725 1211 inter

142 1252 232 1312 Meque
243 1259 268 1300 et
277 1259 314 1300 te:
332 1265 400 1312 nam,
412 1267 466 1314 quse
477 1251 572 1300 deserta
583 1258 608 1300 et
618 1250 742 1315 inhospita
751 1259 837 1314 tesqua

143 1339 240 1400 Credis,
250 1354 347 1390 amoenu
357 1349 427 1390 voest
437 1355 532 1390 mecum
543 1341 584 1403 qui
595 1341 680 1402 sentit,
694 1348 719 1390 et
730 1341 783 1390 odit

143 1432 203 1484 Quae
214 1438 242 1479 tu
253 1431 354 1493 pulchra
365 1438 443 1492 putes.
477 1430 569 1486 Fornix
581 1431 625 1480 tibi
637 1439 661 1480 ct
672 1439 746 1481 uncta
758 1432 847 1496 popius

143 1519 268 1568 lncutiunt
277 1519 345 1568 urbis
356 1519 512 1580 desiderium,
523 1519 610 1582 video3
627 1527 653 1569 et
662 1521 728 1583 quod

143 1609 254 1670 Angulus
266 1608 310 1658 iste
321 1609 383 1659 ieret
392 1609 461 1672 piper
471 1616 496 1658 et
506 1617 546 1658 tus
557 1609 625 1659 ocius
636 1623 699 1672 urs,

144 1699 196 1746 Nec
205 1697 284 1746 vicina
295 1698 377 1746 subest
386 1697 471 1746 vinum
482 1699 589 1760 praebere
600 1700 702 1748 taberna

144 1788 205 1841 Quae
215 1785 293 1850 possit
302 1787 358 1836 tibi:
377 1801 422 1836 nec
431 1787 548 1836 meretrix
559 1787 669 1849 tibicina,
681 1789 749 1848 cujus

144 1875 183 1924 Ad
194 1875 322 1938 strepitum
333 1875 405 1924 salies
415 1883 487 1925 terrae
498 1876 591 1938 gravis:
608 1883 723 1926 ettamen
735 1890 823 1938 urgues

144 1964 295 2028 lampridem
306 1979 355 2014 non
367 1972 432 2014 tuctu
442 1965 563 2026 ligonibus
574 1979 642 2026 ursa,
654 1966 787 2028 bovemque

144 2054 298 2115 DisJunctum
308 2068 388 2116 curus,
399 2062 424 2104 et
435 2055 525 2104 strictis
536 2054 663 2104 frondibus
675 2055 770 2118 imples:

144 2143 220 2193 Addit
227 2158 289 2207 opus
299 2144 368 2207 pigro
380 2144 456 2204 rivus,
468 2143 489 2193 si
500 2143 589 2195 decidit
598 2144 686 2206 imber,

146 2235 226 2284 Mults
234 2236 298 2284 mole
310 2235 433 2284 doeendus
445 2235 526 2298 aprico
538 2248 636 2298 percere
647 2242 727 2299 preto.

145 2327 227 2386 Nunc,
239 2339 292 2387 age,
304 2325 362 2388 quid
372 2333 484 2375 nostrum
494 2333 640 2373 concentum
651 2323 752 2385 dividet,
764 2324 832 2376 sudi.

146 2416 225 2468 Quem
235 2421 321 2463 tenues
333 2413 434 2464 decuere
445 2422 508 2475 togae
519 2412 638 2475 nitidique
648 2411 741 2475 oepilli,

146 2505 225 2557 Quem
236 2502 282 2552 scis
294 2502 429 2551 immunem
442 2502 537 2551 Cinsrae
549 2501 667 2565 placuisse
679 2501 770 2564 rapaci,

147 2594 226 2647 Quem
237 2593 348 2643 bibulum
358 2592 444 2656 liquidi
455 2592 535 2642 media
545 2591 575 2641 dc
586 2593 641 2640 luce
652 2591 759 2653 Falerni,

149 2683 225 2731 Coens
234 2681 314 2730 brevis
321 2684 400 2743 juvet,
411 2690 436 2731 et
446 2696 521 2745 prope
532 2680 611 2729 rivum
623 2693 723 2729 somnus
733 2679 759 2728 in
772 2680 848 2728 herbe
857 2700 866 2742 3

148 2773 199 2820 Nec
210 2771 297 2823 lusisse
306 2771 390 2834 pudet,
402 2771 444 2820 sed
455 2786 503 2820 non
516 2769 621 2819 incidere
633 2767 727 2818 ludum.

148 2861 207 2909 Non
218 2858 272 2909 istic
282 2859 380 2922 obliquo
391 2862 463 2910 oculo
476 2875 530 2909 meu
540 2858 669 2909 commode
679 2857 807 2920 quiequam

149 2947 246 3010 Limst3
263 2961 314 2996 non
325 2947 382 2996 odio
391 2951 495 2999 obscuro
507 2961 638 3010 morsuque
647 2953 764 2996 venenet:

149 3035 239 3087 Rident
248 3035 320 3086 vicini
329 3036 410 3097 glebas
421 3045 446 3086 et
456 3051 515 3087 sexu
525 3044 671 3086 moventem.

151 3123 689 3177 Cumservisurbunndimisroderemavls:

151 3215 247 3264 Horum
258 3222 285 3264 tu
295 3214 321 3263 in
333 3227 461 3264 numerum
474 3221 530 3263 voto
541 3213 591 3264 ruls
602 3229 608 3262 ε
626 3211 717 3262 invidet
728 3225 799 3264 utum
