2400 3898
238 587 285 638 2⁷4
487 585 518 637 o.
536 580 677 646 nouum
694 579 812 662 mucci

239 718 294 771 Quo
304 713 434 777 spectanda
443 711 528 771 modo,
537 723 587 772 quo
599 723 672 760 ceum
682 709 760 759 credis
771 716 795 758 et
806 723 850 758 ore
860 711 870 757 ἓ

239 804 287 859 Qui
298 803 369 853 timet
377 801 416 852 his
427 800 536 862 adversa,
548 802 600 850 iere
611 799 714 848 miratur
728 798 814 847 eodem

239 895 294 947 Quo
305 890 404 955 cupiens
414 896 496 953 pacto:
514 895 637 952 pavorem
646 886 774 950 utrobique
786 887 916 936 molestus:

239 981 373 1046 improvisu
383 979 457 1030 timul
468 978 557 1043 specim
568 984 675 1027 exterret
687 984 830 1038 utrumque:

239 1070 359 1132 Gaudeat,
370 1084 401 1119 an
412 1069 509 1132 doleat3
526 1068 616 1130 cupiat,
628 1074 768 1129 metuatue3
785 1065 844 1129 quid
854 1065 885 1115 td
895 1081 959 1128 rem,

240 1160 277 1222 Si,
290 1158 404 1222 quicquid
410 1158 471 1208 vidit
478 1157 566 1206 melius
576 1157 673 1219 peiusve
683 1168 727 1204 tua
737 1169 790 1217 spe,

241 1252 334 1300 Defixis
345 1250 433 1310 oculis,
444 1249 573 1310 animoque
582 1253 607 1296 et
617 1259 719 1309 corpore
729 1253 810 1308 torpet
820 1247 831 1294 i

242 1340 324 1389 lusani
334 1337 429 1402 sapiens
439 1351 529 1386 nomeu
540 1337 612 1395 ierat,
624 1349 706 1397 aequus
717 1334 795 1397 iniqui
804 1354 812 1398 3
914 1350 915 1356 ¹

243 1430 316 1479 Ultra
326 1442 399 1490 quam
410 1428 468 1477 sotis
479 1434 517 1475 est
526 1427 641 1475 virtutem
652 1425 673 1474 si
684 1431 749 1489 petat
760 1425 846 1488 ipsam.

243 1517 253 1563 1
264 1530 342 1584 punc,
353 1523 479 1577 argentum
490 1523 516 1562 et
525 1509 633 1563 marmor
644 1521 723 1574 vetus,
734 1528 830 1576 aeraque
839 1521 864 1563 ct
875 1521 938 1562 arim

244 1605 341 1668 Suspice
350 1625 358 1667 ;
375 1619 431 1653 cum
441 1605 542 1666 gemmis
553 1604 640 1667 Tyrios
649 1603 738 1653 mirare
748 1605 857 1652 coloreo:

245 1691 329 1742 Gaude
339 1692 404 1754 quod
416 1700 525 1756 spectant
534 1693 599 1742 oculi
610 1701 635 1743 te
646 1693 714 1742 mille
724 1695 878 1756 loquentem:

245 1781 344 1830 (inacus
355 1795 427 1830 mane
437 1782 529 1843 sonum,
536 1789 560 1831 et
570 1783 720 1846 vespertinus
731 1790 785 1846 pete
796 1789 902 1845 tecmm3

246 1871 285 1919 Nc
295 1871 349 1934 plus
360 1871 476 1920 immenti
487 1871 608 1920 dotalibus
619 1877 709 1922 emetat
719 1872 783 1933 agris

247 1959 342 2020 Mutus,
353 1966 379 2008 ct
392 1958 539 2023 (indiguum,
550 1959 615 2022 quod
625 1960 657 2008 sit
667 1959 789 2022 pejoribus
800 1959 879 2023 ortus)

249 2047 295 2097 Hic
306 2048 352 2098 tibi
363 2048 395 2098 tit
405 2049 495 2112 potius,
506 2063 579 2112 quam
590 2057 617 2098 tu
628 2049 747 2098 mirabilis
758 2049 804 2098 illi.

248 2137 370 2202 Quicquid
379 2142 424 2189 sub
435 2149 501 2190 terra
510 2148 557 2201 est,
568 2141 594 2189 in
605 2141 713 2204 apricum
722 2141 831 2204 proferet
837 2122 905 2201 aettfi,

247 2228 361 2277 Deiodiet
369 2230 503 2292 condetque
513 2229 623 2278 nitentia.
658 2231 721 2279 Cum
732 2233 889 2281 benenatum

248 2315 359 2364 Porticus
370 2317 493 2381 Agrippae,
506 2325 531 2368 et
540 2318 580 2368 vie
590 2327 614 2368 te
624 2320 778 2383 conspexerit
789 2317 863 2384 Appi,

249 2404 287 2452 lre
298 2410 379 2452 tomen
390 2413 465 2454 restet
476 2407 558 2455 Numa
568 2421 616 2468 quo
628 2408 725 2457 devenit
734 2416 759 2458 et
769 2411 860 2457 Aucus.

249 2492 275 2540 Si
287 2493 349 2540 latus
359 2500 402 2541 aut
412 2507 481 2543 renes
493 2497 578 2544 morbo
589 2477 714 2546 tentamur
725 2505 806 2558 acuto,

249 2581 337 2635 Quaere
347 2581 429 2642 bugam
441 2582 529 2631 morbi.
562 2584 605 2632 Vis
616 2594 682 2636 recte
692 2587 789 2636 vivere?
809 2586 862 2650 quis
873 2588 940 2636 non?

250 2667 276 2716 Si
288 2664 365 2718 virtut
374 2668 422 2718 hoc
432 2684 482 2719 uno
492 2678 572 2734 potest
581 2672 649 2734 darc,
660 2674 731 2724 ionis
742 2675 839 2724 omissis
907 2667 909 2672 ’

251 2759 304 2807 Hoc
315 2772 357 2821 age
367 2759 468 2810 deliciis.
501 2762 623 2812 Virtutem
634 2765 706 2813 verba
717 2773 796 2828 pubes,
810 2772 839 2814 ut

250 2847 344 2898 Lucum
355 2849 420 2910 ligna
430 2853 440 2899 ἓ
459 2865 515 2900 cave
525 2865 556 2900 ue
566 2861 651 2915 portus
661 2862 762 2916 occupet
772 2855 833 2903 alter
841 2874 848 2902 ι

251 2938 290 2985 Nc
302 2937 447 3001 Cibyratica,
459 2954 490 2988 ne
500 2940 607 3004 Bithyna
617 2943 713 3004 negotia
724 2943 818 3006 perduc.

251 3025 322 3073 Mille
332 3026 424 3074 talentu
433 3017 604 3090 rotundentur,
616 3031 718 3080 totidem
729 3034 816 3093 altera,
827 3041 935 3096 porroet

252 3112 336 3160 Tertia
346 3113 483 3176 succedunt,
494 3124 521 3164 et
529 3131 583 3178 quoe
594 3132 649 3180 pars
661 3119 762 3180 quadret
773 3133 893 3169 acervum.

253 3200 352 3249 Scilicet
363 3214 465 3251 uxorem
476 3217 532 3253 cum
543 3206 609 3268 dote,
620 3207 750 3270 iidemque,
761 3216 787 3257 et
797 3208 899 3268 amicos,
