2396 3866
354 505 536 555 CARMINUM
555 507 616 553 LIB.
634 507 653 552 Ι.
670 519 745 554 xxxv.
917 508 948 556 39

281 636 388 694 Mutare,
400 640 424 680 et
435 632 553 692 insignem
565 638 673 680 attenuat
684 632 760 692 Deus,

283 722 391 770 Obscura
401 733 530 782 promens:
547 719 604 767 hinc
615 718 706 780 apinam
718 731 792 781 rapax

314 811 421 858 Fortuna
432 823 487 857 cum
499 807 603 857 stridore
614 816 685 857 acuto

345 897 465 958 Sustulit3
481 897 522 945 hic
533 897 642 970 ponpisee
653 896 746 957 gaudet.

462 1177 528 1224 ODE
547 1175 648 1223 XXXV.

420 1366 423 1370 ·
453 1357 488 1390 tn
504 1355 654 1390 numnam.

283 1508 305 1556 0
319 1519 388 1566 mvn,
400 1513 493 1567 gramm
506 1521 559 1568 quae
571 1507 633 1568 regit
644 1505 755 1566 Antium,

284 1597 390 1644 Praesens
402 1596 440 1644 vel
452 1594 501 1644 imo
513 1597 600 1645 tollere
612 1596 642 1645 de
652 1595 728 1657 gradu

315 1685 419 1732 Mortale
430 1697 528 1745 corpus,
540 1685 578 1732 vei
590 1685 706 1745 superbos

345 1772 444 1819 Vertere
455 1771 581 1820 funeribus
591 1770 728 1831 triumphos
739 1788 744 1814 :

284 1945 320 1991 Te
331 1957 422 2004 pauper
433 1942 508 1990 ambit
520 1941 624 1989 sollicita
634 1955 705 2002 prece
737 1929 740 1934 ¹

284 2029 357 2076 Ruris
368 2029 469 2076 colonus
480 2047 488 2087 3
505 2036 530 2074 te
540 2027 665 2075 dominam
676 2027 790 2088 aequoris,

317 2115 461 2176 Quicunque
473 2114 579 2176 Bithyna
589 2113 686 2162 lacessit

348 2201 504 2264 Carpathium
516 2201 613 2262 pelagus
625 2201 713 2250 carina.

275 2377 311 2422 Te
322 2376 401 2422 Dacus
413 2387 493 2435 asper,
505 2381 529 2422 te
540 2372 636 2436 profugi
647 2373 752 2436 Scytha,
798 2423 807 2434 ,

279 2464 412 2524 Urbesque,
425 2470 564 2524 gentesque,
577 2472 601 2511 et
612 2462 708 2511 Latium
720 2463 799 2520 ferox,

311 2553 448 2611 Regumqne
459 2559 549 2600 matres
559 2551 728 2610 barbarorum,
741 2557 766 2597 et

342 2638 458 2699 Purpurei
470 2647 583 2688 metuunt
593 2638 699 2700 tyranni,

281 2809 400 2869 Iniurioso
412 2824 443 2858 ne
453 2811 513 2872 pede
525 2823 626 2872 proruas

279 2902 387 2952 Stantem
400 2901 550 2959 columnam,
562 2913 611 2948 neu
623 2900 726 2962 populus
738 2898 851 2958 frequens

310 2987 349 3034 Ad
360 3001 427 3036 arma
437 2995 568 3048 cessantes,
580 2988 611 3060 ad
623 3000 691 3036 arma

345 3077 464 3136 Concitet,
476 3077 652 3140 imperiumque
664 3075 766 3132 frangat.
