2396 3866
478 537 509 589 o.
527 535 666 585 nondun
683 502 800 582 suncti

339 668 507 713 Decertuntem
519 659 692 723 Aquilonibus,

371 753 423 799 Nec
433 750 514 799 tristes
528 749 634 812 Hyades,
646 762 690 797 nec
701 745 792 796 rabiem
804 746 863 795 Noti
873 767 882 807 ς

339 840 394 892 Quo
407 852 456 886 non
468 836 556 886 arbiter
567 835 648 884 Adriae
735 829 737 833 ’

371 926 462 984 Major,
473 924 561 972 tollere
571 937 615 971 seu
626 935 716 986 ponere
728 923 781 972 vult
791 922 861 969 frete.

340 1015 419 1066 Quem
431 1011 517 1060 mortis
527 1011 610 1060 timuit
620 1011 732 1072 gradum,

372 1097 420 1152 Qui
432 1097 501 1147 siccis
512 1098 589 1147 oculis
600 1105 710 1147 monstra
721 1095 838 1155 natantia,

340 1178 388 1240 oui
399 1185 460 1234 vidit
470 1199 538 1234 mare
548 1185 683 1246 turbidum,
694 1192 719 1234 et

372 1276 476 1324 lnfames
489 1276 612 1337 scopulos,
624 1273 821 1324 Acroceraunia?

341 1363 520 1423 Necquicqusm
531 1364 597 1411 Dens
608 1363 710 1412 abscidit

290 1435 294 1446 ’
373 1448 482 1497 Prudens
495 1447 593 1496 Oceano
604 1445 751 1495 dissociabili

340 1538 439 1595 Terras,
451 1533 472 1582 si
483 1542 564 1582 tamen
575 1532 656 1596 impiae
727 1583 729 1591 ,

373 1625 430 1671 Non
442 1622 561 1683 tangenda
572 1629 635 1670 rates
645 1620 787 1670 transiliunt
797 1621 864 1669 vada.

341 1713 435 1759 Aubnx
446 1709 529 1759 omnia
539 1707 633 1772 perpeti

312 1845 314 1850 .
374 1801 439 1848 Gens
450 1800 557 1848 humana
567 1799 618 1848 ruit
627 1813 671 1862 per
681 1800 782 1849 vetitum
794 1801 869 1848 nefas.

343 1888 430 1936 Audax
442 1888 518 1951 Iapeti
529 1902 605 1948 genus

376 1977 459 2036 Ignem
470 1975 554 2024 fraude
565 1975 631 2023 mala
640 1974 750 2036 gentibus
762 1973 858 2022 intulit:

344 2064 403 2111 Post
414 2062 494 2124 ignem
506 2061 606 2111 aetherie
617 2062 690 2111 domo

375 2150 536 2210 Subductum‚
549 2149 636 2198 macies
649 2157 674 2198 et
685 2163 747 2197 nova
758 2147 863 2196 febrium

343 2237 427 2285 Terris
438 2237 548 2286 incubuit
558 2237 646 2283 cohors
655 2255 663 2296 ;

378 2323 516 2383 semotique
527 2321 594 2382 prius
606 2321 676 2369 tarda
686 2321 816 2369 necessitas

347 2411 400 2460 Leti
411 2409 529 2472 corripuit
539 2409 648 2470 gradum.

377 2501 498 2561 Expertus
509 2510 611 2545 vacuum
623 2477 737 2544 Daedalus
749 2503 804 2543 odra

347 2585 437 2634 Pennis
448 2599 498 2633 non
510 2583 605 2632 homini
617 2583 686 2632 datis.

379 2673 492 2735 Perrupit
502 2673 642 2722 Acheronta
653 2673 787 2722 Herculeus
798 2672 875 2720 labor.

348 2763 391 2811 Nil
403 2762 545 2812 mortalibus
557 2762 659 2810 arduum
671 2768 721 2809 estz

381 2853 478 2900 Coelum
489 2850 570 2913 ipsum
581 2849 684 2912 petimus
697 2847 815 2909 sturltitia3
833 2861 910 2908 neque

349 2943 395 2988 Per
407 2947 519 2988 nostrum
529 2936 635 3002 patimur
649 2937 727 2986 scelus

382 3029 500 3078 Iracunda
509 3030 596 3078 lovem
607 3039 697 3090 ponere
708 3023 819 3073 fulmina.
