<?xml version="1.0" encoding="UTF-8"?>
<!DOCTYPE html PUBLIC "-//W3C//DTD XHTML 1.0 Transitional//EN"
    "http://www.w3.org/TR/xhtml1/DTD/xhtml1-transitional.dtd">
<html xmlns="http://www.w3.org/1999/xhtml" xml:lang="en" lang="en">
 <head>
  <title>
</title>
<meta http-equiv="Content-Type" content="text/html;charset=utf-8" />
  <meta name='ocr-system' content='tesseract 3.04.00' />
  <meta name='ocr-capabilities' content='ocr_page ocr_carea ocr_par ocr_line ocrx_word'/>
</head>
<body>
  <div class='ocr_page' id='page_1' title='image "./opera00gesngoog_0290.png"; bbox 0 0 2400 3898; ppageno 0'>
   <div class='ocr_carea' id='block_1_1' title="bbox 392 452 998 505">
    <p class='ocr_par' dir='ltr' id='par_1_1' title="bbox 392 452 998 505">
     <span class='ocr_line' id='line_1_1' title="bbox 392 452 998 505; baseline -0.003 -3"><span class='ocrx_word' id='word_1_1' title='bbox 392 452 631 504; x_wconf 75' lang='lat' dir='ltr'><strong>EPISTOLARUM</strong></span> <span class='ocrx_word' id='word_1_2' title='bbox 653 453 715 505; x_wconf 73' lang='grc' dir='ltr'>ΜΒ.</span> <span class='ocrx_word' id='word_1_3' title='bbox 734 453 753 502; x_wconf 82' lang='lat'>1.</span> <span class='ocrx_word' id='word_1_4' title='bbox 769 452 804 501; x_wconf 83' lang='lat' dir='ltr'>xi.</span> <span class='ocrx_word' id='word_1_5' title='bbox 951 453 998 501; x_wconf 77' lang='lat'>283</span> 
     </span>
    </p>
   </div>
   <div class='ocr_carea' id='block_1_2' title="bbox 197 579 813 734">
    <p class='ocr_par' dir='ltr' id='par_1_2' title="bbox 197 579 813 734">
     <span class='ocr_line' id='line_1_2' title="bbox 199 579 813 645; baseline 0 -15"><span class='ocrx_word' id='word_1_6' title='bbox 199 581 257 630; x_wconf 76' lang='lat' dir='ltr'>lieo</span> <span class='ocrx_word' id='word_1_7' title='bbox 268 579 313 630; x_wconf 90' lang='lat' dir='ltr'>tibi</span> <span class='ocrx_word' id='word_1_8' title='bbox 323 579 442 632; x_wconf 74' lang='lat' dir='ltr'>dictabam</span> <span class='ocrx_word' id='word_1_9' title='bbox 453 581 604 644; x_wconf 70' lang='lat' dir='ltr'>postrenum</span> <span class='ocrx_word' id='word_1_10' title='bbox 614 588 686 645; x_wconf 86' lang='lat' dir='ltr'>putre</span> <span class='ocrx_word' id='word_1_11' title='bbox 696 582 813 641; x_wconf 79' lang='lat' dir='ltr'>Vocunae,</span> 
     </span>
     <span class='ocr_line' id='line_1_3' title="bbox 197 669 803 734; baseline 0.003 -16"><span class='ocrx_word' id='word_1_12' title='bbox 197 670 305 734; x_wconf 80' lang='lat' dir='ltr'>Excepto</span> <span class='ocrx_word' id='word_1_13' title='bbox 316 670 381 733; x_wconf 90' lang='lat' dir='ltr'>quod</span> <span class='ocrx_word' id='word_1_14' title='bbox 391 686 441 722; x_wconf 90' lang='lat' dir='ltr'>non</span> <span class='ocrx_word' id='word_1_15' title='bbox 453 669 527 722; x_wconf 89' lang='lat' dir='ltr'>simul</span> <span class='ocrx_word' id='word_1_16' title='bbox 538 684 614 733; x_wconf 88' lang='lat' dir='ltr'>esses,</span> <span class='ocrx_word' id='word_1_17' title='bbox 626 678 713 723; x_wconf 72' lang='lat' dir='ltr'>uetere</span> <span class='ocrx_word' id='word_1_18' title='bbox 724 671 803 720; x_wconf 71' lang='lat' dir='ltr'>letus.</span> 
     </span>
    </p>
   </div>
   <div class='ocr_carea' id='block_1_3' title="bbox 486 956 705 1007">
    <p class='ocr_par' dir='ltr' id='par_1_3' title="bbox 486 956 705 1007">
     <span class='ocr_line' id='line_1_4' title="bbox 486 956 705 1007; baseline 0 -2"><span class='ocrx_word' id='word_1_19' title='bbox 486 956 649 1007; x_wconf 76' lang='lat' dir='ltr'>EPISTOLA</span> <span class='ocrx_word' id='word_1_20' title='bbox 661 957 705 1005; x_wconf 90' lang='lat' dir='ltr'>Xl.</span> 
     </span>
    </p>
   </div>
   <div class='ocr_carea' id='block_1_4' title="bbox 223 1131 702 1210">
    <p class='ocr_par' dir='ltr' id='par_1_4' title="bbox 223 1131 702 1210">
     <span class='ocr_line' id='line_1_5' title="bbox 223 1131 702 1210; baseline 0.006 -42"><span class='ocrx_word' id='word_1_21' title='bbox 223 1183 229 1210; x_wconf 38' lang='grc' dir='ltr'><strong>ἶ</strong></span> <span class='ocrx_word' id='word_1_22' title='bbox 489 1133 525 1169; x_wconf 77' lang='grc' dir='ltr'>ΑΒ</span> <span class='ocrx_word' id='word_1_23' title='bbox 542 1131 702 1171; x_wconf 71' lang='lat' dir='ltr'>summust.</span> 
     </span>
    </p>
   </div>
   <div class='ocr_carea' id='block_1_5' title="bbox 112 1281 954 3119">
    <p class='ocr_par' dir='ltr' id='par_1_5' title="bbox 194 1281 862 1434">
     <span class='ocr_line' id='line_1_6' title="bbox 195 1281 837 1348; baseline 0.003 -18"><span class='ocrx_word' id='word_1_24' title='bbox 195 1283 266 1336; x_wconf 88' lang='lat' dir='ltr'>Qorn</span> <span class='ocrx_word' id='word_1_25' title='bbox 276 1281 320 1332; x_wconf 90' lang='lat' dir='ltr'>tibi</span> <span class='ocrx_word' id='word_1_26' title='bbox 332 1281 481 1345; x_wconf 72' lang='lat' dir='ltr'>eleachim,</span> <span class='ocrx_word' id='word_1_27' title='bbox 493 1283 596 1345; x_wconf 76' lang='lat' dir='ltr'>bullati,</span> <span class='ocrx_word' id='word_1_28' title='bbox 608 1291 714 1348; x_wconf 84' lang='lat' dir='ltr'>notoque</span> <span class='ocrx_word' id='word_1_29' title='bbox 724 1281 837 1334; x_wconf 79' lang='lat' dir='ltr'>Lesbos?</span> 
     </span>
     <span class='ocr_line' id='line_1_7' title="bbox 194 1367 862 1434; baseline -0.001 -9"><span class='ocrx_word' id='word_1_30' title='bbox 194 1369 259 1425; x_wconf 80' lang='lat' dir='ltr'>Quid</span> <span class='ocrx_word' id='word_1_31' title='bbox 267 1367 390 1422; x_wconf 79' lang='lat' dir='ltr'>&#39;concinna</span> <span class='ocrx_word' id='word_1_32' title='bbox 401 1373 505 1422; x_wconf 80' lang='lat' dir='ltr'>Samos?</span> <span class='ocrx_word' id='word_1_33' title='bbox 524 1372 583 1434; x_wconf 89' lang='lat' dir='ltr'>quid</span> <span class='ocrx_word' id='word_1_34' title='bbox 594 1371 674 1422; x_wconf 85' lang='lat' dir='ltr'>Croesi</span> <span class='ocrx_word' id='word_1_35' title='bbox 684 1371 749 1434; x_wconf 79' lang='lat' dir='ltr'>re&#39;git</span> <span class='ocrx_word' id='word_1_36' title='bbox 760 1371 862 1424; x_wconf 72' lang='lat' dir='ltr'>Sardis?</span> 
     </span>
    </p>

    <p class='ocr_par' dir='ltr' id='par_1_6' title="bbox 112 1435 914 1524">
     <span class='ocr_line' id='line_1_8' title="bbox 112 1435 914 1524; baseline 0.001 -16"><span class='ocrx_word' id='word_1_37' title='bbox 112 1435 118 1450; x_wconf 56' lang='lat'><em>‘</em></span> <span class='ocrx_word' id='word_1_38' title='bbox 193 1460 297 1523; x_wconf 81' lang='lat' dir='ltr'>Smyrna</span> <span class='ocrx_word' id='word_1_39' title='bbox 307 1459 375 1523; x_wconf 91' lang='lat' dir='ltr'>quid,</span> <span class='ocrx_word' id='word_1_40' title='bbox 387 1468 412 1510; x_wconf 89' lang='lat' dir='ltr'>et</span> <span class='ocrx_word' id='word_1_41' title='bbox 423 1461 571 1524; x_wconf 79' lang='lat' dir='ltr'>Colophon?</span> <span class='ocrx_word' id='word_1_42' title='bbox 591 1463 684 1522; x_wconf 75' lang='lat' dir='ltr'>majore</span> <span class='ocrx_word' id='word_1_43' title='bbox 694 1459 820 1510; x_wconf 77' lang='lat' dir='ltr'>minorave</span> <span class='ocrx_word' id='word_1_44' title='bbox 830 1461 914 1509; x_wconf 78' lang='lat' dir='ltr'>ieme?</span> 
     </span>
    </p>

    <p class='ocr_par' dir='ltr' id='par_1_7' title="bbox 193 1548 889 1621">
     <span class='ocr_line' id='line_1_9' title="bbox 193 1548 889 1621; baseline 0 -24"><span class='ocrx_word' id='word_1_45' title='bbox 193 1548 318 1598; x_wconf 80' lang='lat' dir='ltr'>Cunctene</span> <span class='ocrx_word' id='word_1_46' title='bbox 328 1564 378 1612; x_wconf 80' lang='lat' dir='ltr'>prae</span> <span class='ocrx_word' id='word_1_47' title='bbox 390 1550 484 1613; x_wconf 78' lang='lat' dir='ltr'>campo</span> <span class='ocrx_word' id='word_1_48' title='bbox 494 1556 519 1598; x_wconf 89' lang='lat' dir='ltr'>et</span> <span class='ocrx_word' id='word_1_49' title='bbox 529 1548 648 1599; x_wconf 81' lang='lat' dir='ltr'>&#39;liberino</span> <span class='ocrx_word' id='word_1_50' title='bbox 658 1549 760 1598; x_wconf 88' lang='lat' dir='ltr'>flumine</span> <span class='ocrx_word' id='word_1_51' title='bbox 770 1549 889 1621; x_wconf 73' lang='lat' dir='ltr'>sordent?</span> 
     </span>
    </p>

    <p class='ocr_par' dir='ltr' id='par_1_8' title="bbox 190 1633 798 1689">
     <span class='ocr_line' id='line_1_10' title="bbox 190 1633 798 1689; baseline 0.005 -4"><span class='ocrx_word' id='word_1_52' title='bbox 190 1637 230 1685; x_wconf 89' lang='lat' dir='ltr'>An</span> <span class='ocrx_word' id='word_1_53' title='bbox 241 1636 344 1686; x_wconf 85' lang='lat' dir='ltr'>venitin</span> <span class='ocrx_word' id='word_1_54' title='bbox 356 1645 438 1687; x_wconf 83' lang='lat' dir='ltr'>votum</span> <span class='ocrx_word' id='word_1_55' title='bbox 449 1637 562 1687; x_wconf 78' lang='lat' dir='ltr'><strong>Attalicis</strong></span> <span class='ocrx_word' id='word_1_56' title='bbox 572 1653 603 1688; x_wconf 86' lang='lat' dir='ltr'>ex</span> <span class='ocrx_word' id='word_1_57' title='bbox 615 1633 716 1689; x_wconf 71' lang='lat' dir='ltr'>urbibus</span> <span class='ocrx_word' id='word_1_58' title='bbox 727 1642 798 1688; x_wconf 82' lang='lat' dir='ltr'>una?</span> 
     </span>
    </p>

    <p class='ocr_par' dir='ltr' id='par_1_9' title="bbox 191 1725 836 1790">
     <span class='ocr_line' id='line_1_11' title="bbox 191 1725 836 1790; baseline 0.003 -16"><span class='ocrx_word' id='word_1_59' title='bbox 191 1727 230 1774; x_wconf 86' lang='lat' dir='ltr'>An</span> <span class='ocrx_word' id='word_1_60' title='bbox 243 1725 365 1775; x_wconf 75' lang='lat' dir='ltr'>Lebedum</span> <span class='ocrx_word' id='word_1_61' title='bbox 376 1726 471 1789; x_wconf 70' lang='lat' dir='ltr'>laudus,</span> <span class='ocrx_word' id='word_1_62' title='bbox 483 1726 540 1775; x_wconf 90' lang='lat' dir='ltr'>odio</span> <span class='ocrx_word' id='word_1_63' title='bbox 551 1727 627 1775; x_wconf 78' lang='lat' dir='ltr'>meris</span> <span class='ocrx_word' id='word_1_64' title='bbox 638 1734 709 1790; x_wconf 80' lang='lat' dir='ltr'>etque</span> <span class='ocrx_word' id='word_1_65' title='bbox 720 1727 836 1776; x_wconf 77' lang='lat' dir='ltr'>viantum?</span> 
     </span>
    </p>

    <p class='ocr_par' dir='ltr' id='par_1_10' title="bbox 191 1811 817 1878">
     <span class='ocr_line' id='line_1_12' title="bbox 191 1811 817 1878; baseline 0.003 -16"><span class='ocrx_word' id='word_1_66' title='bbox 191 1811 254 1872; x_wconf 86' lang='lat' dir='ltr'>Scis,</span> <span class='ocrx_word' id='word_1_67' title='bbox 267 1813 375 1863; x_wconf 77' lang='lat' dir='ltr'>Lebedus</span> <span class='ocrx_word' id='word_1_68' title='bbox 386 1813 445 1876; x_wconf 91' lang='lat' dir='ltr'>quid</span> <span class='ocrx_word' id='word_1_69' title='bbox 455 1813 504 1876; x_wconf 85' lang='lat' dir='ltr'>sit;</span> <span class='ocrx_word' id='word_1_70' title='bbox 522 1814 606 1863; x_wconf 79' lang='lat' dir='ltr'>Gabiis</span> <span class='ocrx_word' id='word_1_71' title='bbox 617 1814 734 1864; x_wconf 78' lang='lat' dir='ltr'>desertior</span> <span class='ocrx_word' id='word_1_72' title='bbox 745 1822 817 1878; x_wconf 78' lang='lat' dir='ltr'>etque</span> 
     </span>
    </p>

    <p class='ocr_par' dir='ltr' id='par_1_11' title="bbox 191 1901 744 1966">
     <span class='ocr_line' id='line_1_13' title="bbox 191 1901 744 1966; baseline 0.004 -16"><span class='ocrx_word' id='word_1_73' title='bbox 191 1901 288 1952; x_wconf 82' lang='lat' dir='ltr'>Fidenis</span> <span class='ocrx_word' id='word_1_74' title='bbox 299 1902 384 1966; x_wconf 77' lang='lat' dir='ltr'>ricus3</span> <span class='ocrx_word' id='word_1_75' title='bbox 401 1911 483 1954; x_wconf 77' lang='lat' dir='ltr'>tamen</span> <span class='ocrx_word' id='word_1_76' title='bbox 493 1902 545 1952; x_wconf 85' lang='lat' dir='ltr'>illio</span> <span class='ocrx_word' id='word_1_77' title='bbox 555 1902 636 1952; x_wconf 81' lang='lat' dir='ltr'>vivere</span> <span class='ocrx_word' id='word_1_78' title='bbox 645 1904 744 1965; x_wconf 88' lang='lat' dir='ltr'>vellem,</span> 
     </span>
    </p>

    <p class='ocr_par' dir='ltr' id='par_1_12' title="bbox 190 1990 766 2054">
     <span class='ocr_line' id='line_1_14' title="bbox 190 1990 766 2054; baseline 0 -14"><span class='ocrx_word' id='word_1_79' title='bbox 190 1990 337 2054; x_wconf 79' lang='lat' dir='ltr'>oblitusque</span> <span class='ocrx_word' id='word_1_80' title='bbox 347 2005 469 2052; x_wconf 89' lang='lat' dir='ltr'>meorum,</span> <span class='ocrx_word' id='word_1_81' title='bbox 481 1990 658 2042; x_wconf 84' lang='lat' dir='ltr'>obliviscendus</span> <span class='ocrx_word' id='word_1_82' title='bbox 670 1999 695 2041; x_wconf 87' lang='lat' dir='ltr'>et</span> <span class='ocrx_word' id='word_1_83' title='bbox 705 1990 766 2051; x_wconf 90' lang='lat' dir='ltr'>illis,</span> 
     </span>
    </p>

    <p class='ocr_par' dir='ltr' id='par_1_13' title="bbox 190 2080 790 2144">
     <span class='ocr_line' id='line_1_15' title="bbox 190 2080 790 2144; baseline 0.003 -16"><span class='ocrx_word' id='word_1_84' title='bbox 190 2080 332 2144; x_wconf 84' lang='lat' dir='ltr'>Neptunum</span> <span class='ocrx_word' id='word_1_85' title='bbox 344 2080 428 2144; x_wconf 88' lang='lat' dir='ltr'>procul</span> <span class='ocrx_word' id='word_1_86' title='bbox 439 2095 453 2130; x_wconf 87' lang='lat' dir='ltr'>e</span> <span class='ocrx_word' id='word_1_87' title='bbox 464 2088 530 2129; x_wconf 84' lang='lat' dir='ltr'>terra</span> <span class='ocrx_word' id='word_1_88' title='bbox 540 2088 648 2144; x_wconf 80' lang='lat' dir='ltr'>spectare</span> <span class='ocrx_word' id='word_1_89' title='bbox 659 2081 790 2130; x_wconf 73' lang='lat' dir='ltr'>fruentem.</span> 
     </span>
    </p>

    <p class='ocr_par' dir='ltr' id='par_1_14' title="bbox 189 2167 867 2233">
     <span class='ocr_line' id='line_1_16' title="bbox 189 2167 867 2233; baseline -0.003 -15"><span class='ocrx_word' id='word_1_90' title='bbox 189 2168 237 2218; x_wconf 86' lang='lat' dir='ltr'>Sed</span> <span class='ocrx_word' id='word_1_91' title='bbox 249 2183 327 2232; x_wconf 88' lang='lat' dir='ltr'>neque</span> <span class='ocrx_word' id='word_1_92' title='bbox 337 2169 379 2233; x_wconf 83' lang='lat' dir='ltr'>qui</span> <span class='ocrx_word' id='word_1_93' title='bbox 391 2170 475 2231; x_wconf 75' lang='lat' dir='ltr'>Capua</span> <span class='ocrx_word' id='word_1_94' title='bbox 485 2171 589 2218; x_wconf 81' lang='lat' dir='ltr'>Romam</span> <span class='ocrx_word' id='word_1_95' title='bbox 599 2167 670 2232; x_wconf 88' lang='lat' dir='ltr'>petit,</span> <span class='ocrx_word' id='word_1_96' title='bbox 678 2167 757 2218; x_wconf 87' lang='lat' dir='ltr'>imbre</span> <span class='ocrx_word' id='word_1_97' title='bbox 767 2169 867 2232; x_wconf 80' lang='lat' dir='ltr'>lutoque</span> 
     </span>
    </p>

    <p class='ocr_par' dir='ltr' id='par_1_15' title="bbox 188 2255 773 2322">
     <span class='ocr_line' id='line_1_17' title="bbox 188 2255 773 2322; baseline 0.002 -15"><span class='ocrx_word' id='word_1_98' title='bbox 188 2260 319 2322; x_wconf 84' lang='lat' dir='ltr'>Aspersus,</span> <span class='ocrx_word' id='word_1_99' title='bbox 329 2259 395 2308; x_wconf 89' lang='lat' dir='ltr'>volet</span> <span class='ocrx_word' id='word_1_100' title='bbox 405 2257 432 2306; x_wconf 90' lang='lat' dir='ltr'>in</span> <span class='ocrx_word' id='word_1_101' title='bbox 441 2271 553 2320; x_wconf 80' lang='lat' dir='ltr'>caupone</span> <span class='ocrx_word' id='word_1_102' title='bbox 562 2255 657 2319; x_wconf 81' lang='lat' dir='ltr'>vivere;</span> <span class='ocrx_word' id='word_1_103' title='bbox 674 2271 720 2306; x_wconf 90' lang='lat' dir='ltr'>nec</span> <span class='ocrx_word' id='word_1_104' title='bbox 732 2255 773 2320; x_wconf 87' lang='lat' dir='ltr'>qui</span> 
     </span>
    </p>

    <p class='ocr_par' dir='ltr' id='par_1_16' title="bbox 189 2345 728 2416">
     <span class='ocr_line' id='line_1_18' title="bbox 189 2345 728 2416; baseline -0.006 -20"><span class='ocrx_word' id='word_1_105' title='bbox 189 2345 274 2408; x_wconf 77' lang='lat' dir='ltr'>Frigus</span> <span class='ocrx_word' id='word_1_106' title='bbox 285 2345 393 2408; x_wconf 76' lang='lat' dir='ltr'>collegit,</span> <span class='ocrx_word' id='word_1_107' title='bbox 404 2347 491 2396; x_wconf 84' lang='lat' dir='ltr'>furnos</span> <span class='ocrx_word' id='word_1_108' title='bbox 501 2353 526 2396; x_wconf 88' lang='lat' dir='ltr'>et</span> <span class='ocrx_word' id='word_1_109' title='bbox 536 2345 624 2396; x_wconf 83' lang='lat' dir='ltr'>balnea</span> <span class='ocrx_word' id='word_1_110' title='bbox 634 2345 728 2416; x_wconf 71' lang='lat' dir='ltr'>laudet¹</span> 
     </span>
    </p>

    <p class='ocr_par' dir='ltr' id='par_1_17' title="bbox 188 2434 720 2499">
     <span class='ocr_line' id='line_1_19' title="bbox 188 2434 720 2499; baseline -0.004 -13"><span class='ocrx_word' id='word_1_111' title='bbox 188 2436 224 2486; x_wconf 92' lang='lat' dir='ltr'>Ut</span> <span class='ocrx_word' id='word_1_112' title='bbox 234 2435 384 2485; x_wconf 75' lang='lat' dir='ltr'>fortunatum</span> <span class='ocrx_word' id='word_1_113' title='bbox 394 2436 467 2499; x_wconf 86' lang='lat' dir='ltr'>plene</span> <span class='ocrx_word' id='word_1_114' title='bbox 476 2434 617 2499; x_wconf 68' lang='lat' dir='ltr'>prestantis</span> <span class='ocrx_word' id='word_1_115' title='bbox 626 2434 720 2497; x_wconf 72' lang='lat' dir='ltr'>vitem3</span> 
     </span>
    </p>

    <p class='ocr_par' dir='ltr' id='par_1_18' title="bbox 188 2523 767 2586">
     <span class='ocr_line' id='line_1_20' title="bbox 188 2523 767 2586; baseline 0.003 -14"><span class='ocrx_word' id='word_1_116' title='bbox 188 2525 250 2586; x_wconf 88' lang='lat' dir='ltr'>Nec,</span> <span class='ocrx_word' id='word_1_117' title='bbox 262 2523 283 2572; x_wconf 88' lang='lat' dir='ltr'>si</span> <span class='ocrx_word' id='word_1_118' title='bbox 294 2531 318 2574; x_wconf 89' lang='lat' dir='ltr'>te</span> <span class='ocrx_word' id='word_1_119' title='bbox 329 2524 422 2573; x_wconf 84' lang='lat' dir='ltr'>validus</span> <span class='ocrx_word' id='word_1_120' title='bbox 430 2524 558 2585; x_wconf 71' lang='lat' dir='ltr'>iactaverit</span> <span class='ocrx_word' id='word_1_121' title='bbox 568 2526 657 2574; x_wconf 85' lang='lat' dir='ltr'>Auster</span> <span class='ocrx_word' id='word_1_122' title='bbox 668 2523 695 2574; x_wconf 88' lang='lat' dir='ltr'>in</span> <span class='ocrx_word' id='word_1_123' title='bbox 706 2524 767 2585; x_wconf 80' lang='lat' dir='ltr'>alto,</span> 
     </span>
    </p>

    <p class='ocr_par' dir='ltr' id='par_1_19' title="bbox 188 2609 954 2674">
     <span class='ocr_line' id='line_1_21' title="bbox 188 2609 954 2674; baseline 0.004 -15"><span class='ocrx_word' id='word_1_124' title='bbox 188 2609 279 2661; x_wconf 86' lang='lat' dir='ltr'>ldoirco</span> <span class='ocrx_word' id='word_1_125' title='bbox 290 2626 376 2662; x_wconf 77' lang='lat' dir='ltr'>navem</span> <span class='ocrx_word' id='word_1_126' title='bbox 386 2619 455 2662; x_wconf 76' lang='lat' dir='ltr'>mans</span> <span class='ocrx_word' id='word_1_127' title='bbox 465 2613 577 2674; x_wconf 81' lang='lat' dir='ltr'>AEgaeum</span> <span class='ocrx_word' id='word_1_128' title='bbox 589 2611 764 2662; x_wconf 80' lang='lat' dir='ltr'>mutevendns.</span> <span class='ocrx_word' id='word_1_129' title='bbox 951 2670 954 2674; x_wconf 43' lang='grc'><strong>,</strong></span> 
     </span>
    </p>

    <p class='ocr_par' dir='ltr' id='par_1_20' title="bbox 188 2688 851 2765">
     <span class='ocr_line' id='line_1_22' title="bbox 188 2688 851 2765; baseline 0.005 -17"><span class='ocrx_word' id='word_1_130' title='bbox 188 2701 308 2750; x_wconf 76' lang='lat' dir='ltr'>1n001umt</span> <span class='ocrx_word' id='word_1_131' title='bbox 317 2688 417 2752; x_wconf 60' lang='lat' dir='ltr'>moros</span> <span class='ocrx_word' id='word_1_132' title='bbox 429 2710 454 2751; x_wconf 69' lang='lat' dir='ltr'>ee</span> <span class='ocrx_word' id='word_1_133' title='bbox 465 2702 584 2765; x_wconf 83' lang='lat' dir='ltr'>Mitylene</span> <span class='ocrx_word' id='word_1_134' title='bbox 594 2701 697 2765; x_wconf 63' lang='lat' dir='ltr'>pmcne</span> <span class='ocrx_word' id='word_1_135' title='bbox 707 2701 774 2762; x_wconf 68' lang='lat' dir='ltr'>fact,</span> <span class='ocrx_word' id='word_1_136' title='bbox 786 2701 851 2764; x_wconf 77' lang='lat' dir='ltr'>quod</span> 
     </span>
    </p>

    <p class='ocr_par' dir='ltr' id='par_1_21' title="bbox 187 2789 777 2854">
     <span class='ocr_line' id='line_1_23' title="bbox 187 2789 777 2854; baseline 0.005 -17"><span class='ocrx_word' id='word_1_137' title='bbox 187 2790 287 2838; x_wconf 81' lang='lat' dir='ltr'>Paenulu</span> <span class='ocrx_word' id='word_1_138' title='bbox 297 2790 412 2851; x_wconf 85' lang='lat' dir='ltr'>solstitio,</span> <span class='ocrx_word' id='word_1_139' title='bbox 423 2798 558 2854; x_wconf 78' lang='lat' dir='ltr'>campestre</span> <span class='ocrx_word' id='word_1_140' title='bbox 569 2789 689 2840; x_wconf 77' lang='lat' dir='ltr'>nivalibus</span> <span class='ocrx_word' id='word_1_141' title='bbox 700 2789 777 2850; x_wconf 64' lang='lat' dir='ltr'>euru,</span> 
     </span>
    </p>

    <p class='ocr_par' dir='ltr' id='par_1_22' title="bbox 186 2877 794 2940">
     <span class='ocr_line' id='line_1_24' title="bbox 186 2877 794 2940; baseline 0 -14"><span class='ocrx_word' id='word_1_142' title='bbox 186 2880 233 2927; x_wconf 88' lang='lat' dir='ltr'>Per</span> <span class='ocrx_word' id='word_1_143' title='bbox 244 2878 355 2927; x_wconf 76' lang='lat' dir='ltr'>brumam</span> <span class='ocrx_word' id='word_1_144' title='bbox 365 2878 472 2940; x_wconf 83' lang='lat' dir='ltr'>liberis,</span> <span class='ocrx_word' id='word_1_145' title='bbox 483 2879 571 2929; x_wconf 85' lang='lat' dir='ltr'>Sextili</span> <span class='ocrx_word' id='word_1_146' title='bbox 581 2893 665 2928; x_wconf 85' lang='lat' dir='ltr'>mense</span> <span class='ocrx_word' id='word_1_147' title='bbox 675 2877 794 2927; x_wconf 76' lang='lat' dir='ltr'>namium.</span> 
     </span>
    </p>

    <p class='ocr_par' dir='ltr' id='par_1_23' title="bbox 187 2964 824 3028">
     <span class='ocr_line' id='line_1_25' title="bbox 187 2964 824 3028; baseline -0.002 -14"><span class='ocrx_word' id='word_1_148' title='bbox 187 2967 251 3014; x_wconf 89' lang='lat' dir='ltr'>Dum</span> <span class='ocrx_word' id='word_1_149' title='bbox 263 2964 329 3026; x_wconf 84' lang='lat' dir='ltr'>lieet,</span> <span class='ocrx_word' id='word_1_150' title='bbox 341 2979 369 3014; x_wconf 84' lang='lat' dir='ltr'>ec</span> <span class='ocrx_word' id='word_1_151' title='bbox 378 2967 472 3016; x_wconf 86' lang='lat' dir='ltr'>vultum</span> <span class='ocrx_word' id='word_1_152' title='bbox 483 2974 562 3018; x_wconf 82' lang='lat' dir='ltr'>servat</span> <span class='ocrx_word' id='word_1_153' title='bbox 572 2968 673 3017; x_wconf 76' lang='lat' dir='ltr'>fortuna</span> <span class='ocrx_word' id='word_1_154' title='bbox 682 2965 824 3028; x_wconf 77' lang='lat' dir='ltr'>benignum,</span> 
     </span>
    </p>

    <p class='ocr_par' dir='ltr' id='par_1_24' title="bbox 187 3054 889 3119">
     <span class='ocr_line' id='line_1_26' title="bbox 187 3054 889 3119; baseline 0.001 -16"><span class='ocrx_word' id='word_1_155' title='bbox 187 3057 271 3104; x_wconf 83' lang='lat' dir='ltr'>Romoe</span> <span class='ocrx_word' id='word_1_156' title='bbox 282 3054 394 3106; x_wconf 83' lang='lat' dir='ltr'>laudetm·</span> <span class='ocrx_word' id='word_1_157' title='bbox 406 3057 502 3119; x_wconf 77' lang='lat' dir='ltr'>Samos,</span> <span class='ocrx_word' id='word_1_158' title='bbox 514 3065 540 3108; x_wconf 84' lang='lat' dir='ltr'>et</span> <span class='ocrx_word' id='word_1_159' title='bbox 551 3055 637 3118; x_wconf 83' lang='lat' dir='ltr'>Chios,</span> <span class='ocrx_word' id='word_1_160' title='bbox 649 3063 674 3106; x_wconf 87' lang='lat' dir='ltr'>et</span> <span class='ocrx_word' id='word_1_161' title='bbox 686 3054 785 3106; x_wconf 82' lang='lat' dir='ltr'>Rhodos</span> <span class='ocrx_word' id='word_1_162' title='bbox 795 3056 889 3105; x_wconf 82' lang='lat' dir='ltr'>absens.</span> 
     </span>
    </p>
   </div>
   <div class='ocr_carea' id='block_1_6' title="bbox 0 0 1204 3898">
    <p class='ocr_par' dir='ltr' id='par_1_25' title="bbox 0 0 1204 3898">
     <span class='ocr_line' id='line_1_27' title="bbox 0 0 1204 3898; baseline 0 4"><span class='ocrx_word' id='word_1_163' title='bbox 0 0 1204 3898; x_wconf 95' lang='lat' dir='ltr'> </span> 
     </span>
    </p>
   </div>
  </div>
 </body>
</html>
