2438 3860
241 473 270 518 84

477 475 506 526 Q.
525 472 663 520 HORA'l'll
681 471 797 520 Funcci

288 589 297 596 ’
367 601 416 647 Vos
429 600 549 647 caesarem
560 599 647 658 sitnm,
659 597 747 646 militia
756 597 829 646 simul

367 688 451 734 Fessus
462 687 573 734 oohoites
585 685 676 734 abdidit
687 685 791 748 oppidis,

398 775 480 824 Finire
490 781 638 835 qsaerentem
648 775 754 834 labores,

431 862 511 912 Pierio
522 862 634 911 recreatis
645 869 730 910 antro:

368 1038 417 1085 Vos
428 1039 483 1088 lene
494 1038 624 1086 eonsilium
635 1044 660 1085 et
671 1036 743 1097 datis,
755 1045 779 1085 et
789 1037 848 1085 dato

369 1128 494 1188 Gaudetis,
505 1129 583 1178 almae.
616 1126 721 1187 Scimus,
733 1135 761 1175 ut
771 1126 859 1188 impios

400 1217 500 1264 'litanas
511 1216 689 1276 immanemque
699 1222 804 1263 turmam

433 1303 545 1351 Fulmine
556 1304 681 1351 sustulerit
691 1304 790 1362 caduco,

371 1476 418 1529 Qui
429 1483 518 1522 terram
530 1473 643 1532 inertem,
655 1474 697 1534 qui
708 1485 775 1521 mare
785 1481 903 1536 temperat

369 1566 513 1622 ventosum,
525 1568 550 1609 et
560 1563 643 1620 nrbes,
655 1575 774 1622 regnaque
784 1561 873 1621 tristia,

402 1652 522 1712 Divosque
531 1651 693 1710 mortalesque
703 1652 786 1699 turbas

435 1739 539 1802 imperio
550 1739 611 1800 regit
622 1754 686 1787 unus
696 1753 773 1800 aequo.

371 1917 488 1975 Magnum
499 1891 542 1962 illa
552 1921 670 1964 tenorem
681 1914 797 1962 intulerat
806 1915 862 1964 Jovi

317 1997 319 2004 ’
372 2003 459 2052 Fidens
467 2005 590 2063 juventus,
600 2003 700 2051 honida
710 2002 823 2061 brachiis,

404 2092 551 2154 Fratresque⁸
558 2090 682 2139 tendentes
694 2104 768 2152 opaco

438 2179 521 2226 Pelion
533 2178 676 2240 imposuisse
688 2177 801 2240 Olympo.

373 2349 420 2397 Sed
432 2347 489 2409 quid
499 2346 640 2411 Typhoeus,
652 2357 677 2398 et
686 2349 779 2398 validus
791 2350 891 2409 Mimas,

323 2455 328 2488 .·
372 2437 423 2483 Aut
434 2434 490 2494 quid
501 2434 590 2481 minaei
602 2435 752 2496 Porphyrion
764 2443 838 2494 statu,

318 2503 326 2559 ἱ·
406 2521 470 2575 Quid
481 2521 592 2578 Rhoetus,
603 2521 738 2581 evulsisque
748 2522 840 2569 dunois

436 2607 571 2656 Enceladus
579 2608 699 2668 jaculator
710 2608 798 2666 audax,

376 2783 466 2830 Contra
476 2787 603 2829 sonantem
614 2781 719 2829 Palladis
730 2782 806 2843 aegids

376 2871 476 2918 Possent
486 2869 602 2916 tuentes?
623 2868 686 2916 Hine
697 2868 779 2917 avidus
790 2869 857 2918 stetit

406 2957 526 3006 Vulcanus
532 2975 542 3024 5
562 2954 620 3003 hinc
630 2962 741 3004 matrona
752 2957 836 3018 Jnno;
854 2965 879 3005 st

438 3049 567 3108 Nunquam
578 3045 685 3095 humeris
696 3045 818 3109 positurus
830 3060 923 3107 arcum,
