2432 3874
327 569 330 580 .
358 535 550 585 SERMONUM
567 537 629 584 ΗΒ.
648 537 666 585 1.
683 535 718 584 iii.
894 538 937 585 197

141 662 204 711 Jura
213 661 310 710 inventa
319 669 384 711 metu
395 662 478 722 injmti
488 665 577 712 fateare
587 676 683 712 neeesse
692 670 738 723 est,

141 752 262 813 Tempora
272 749 293 798 si
303 750 424 812 fastosque
434 750 493 799 velis
503 753 611 800 evolvere
622 751 713 799 mundi.

143 838 194 886 Nec
204 845 290 887 natura
298 845 377 900 potest
385 840 451 898 jmto
463 853 587 888 seoernere
598 839 718 901 iniquum,
742 885 745 890 .

142 925 234 975 Dividit
243 935 271 975 ut
281 929 345 974 bona
355 927 465 986 diversis,
476 926 588 988 fugienda
597 926 714 989 petendis.

144 1012 195 1059 Nec
204 1010 283 1059 vincet
293 1011 354 1059 ratio
365 1012 422 1070 hoc,
433 1011 575 1060 tantundem
585 1018 613 1058 ut
622 1018 703 1072 peccet
713 1010 822 1071 idemque

141 1099 192 1152 Qui
202 1105 299 1147 teneros
309 1100 389 1147 caules
400 1099 473 1147 alieni
484 1098 581 1159 fregerit
591 1099 667 1160 horti,

143 1189 176 1235 et
186 1187 226 1248 qui
237 1173 370 1236 smnus
380 1185 463 1234 divum
473 1200 540 1234 saera
550 1187 641 1246 regerit.
674 1187 747 1234 Adsit

144 1275 244 1336 Regulo,
255 1274 357 1337 peomtis
367 1289 420 1335 quae
428 1288 511 1335 poenas
522 1257 612 1334 irroget
623 1288 715 1335 aequas:

145 1358 183 1404 Ne
194 1355 283 1405 scutica
293 1356 392 1416 dignum
402 1356 514 1405 horribili
524 1364 614 1405 sectere
624 1357 727 1418 flagello.

146 1445 220 1503 Nam,
230 1451 259 1492 ut
269 1443 346 1492 ferula
355 1443 432 1492 eredas
444 1444 557 1492 meritum
568 1447 661 1504 majora
672 1444 752 1493 subire
802 1437 806 1443 ’

145 1532 260 1594 Verbera,
270 1546 320 1580 non
332 1547 431 1594 vereor;
447 1539 504 1582 cuin
514 1532 579 1581 dioos
590 1547 641 1581 esse
651 1546 721 1594 pares
731 1547 770 1581 res

145 1620 218 1667 Furto
227 1620 371 1681 latrociniis,
382 1629 407 1669 et
417 1621 509 1682 magnis
519 1635 591 1684 parua
601 1613 709 1670 mineris¹

146 1707 215 1755 Faloe
226 1708 359 1756 recisurum
369 1708 443 1757 simili
453 1709 520 1768 te„si
530 1709 574 1758 tibi
585 1723 686 1769 regnum
700 1725 703 1732 ¹

146 1795 289 1843 Permittant
298 1796 418 1844 homines.
451 1797 477 1844 si
488 1796 552 1844 dives
563 1796 605 1857 qui
614 1797 709 1859 sapiens
719 1805 766 1857 est,

147 1883 179 1929 Et
188 1889 256 1929 sutor
266 1883 353 1942 bonus,
365 1889 390 1930 et
400 1883 466 1930 solus
478 1882 608 1942 formosus,
621 1891 646 1931 et
657 1891 693 1931 est
703 1898 747 1932 rex
758 1904 765 1946 ς

148 1969 198 2017 Cur
208 1977 277 2030 optas
287 1970 353 2030 quod
363 1970 455 2017 hebes?
490 1971 511 2024 ἶ
523 1970 580 2017 Non
591 1967 657 2016 misti
667 1971 726 2030 quid
735 1977 814 2031 pater,
825 1970 913 2030 inquit,

149 2055 296 2118 Chrysippus
308 2056 383 2105 diest:
400 2055 501 2116 Sapiens
511 2055 619 2116 crepides
629 2056 674 2104 sibi
686 2069 810 2116 nunquam

149 2145 200 2193 Nec
210 2144 288 2192 soleas
298 2144 371 2204 secie
388 2150 457 2191 sutor
466 2149 547 2190 tamen
558 2150 596 2190 est
603 2142 710 2204 sapiens.
741 2145 762 2198 ff
773 2144 848 2196 Quo?

132 2233 168 2298 j
178 2233 222 2290 Ut,
234 2231 342 2292 quamvis
351 2238 414 2279 tacet
425 2231 600 2298 Hermogenes,
612 2237 696 2278 cantor
707 2238 789 2279 umen
800 2238 870 2292 atque

152 2317 266 2380 Optimus
278 2325 315 2367 est
326 2319 480 2380 modulator3
496 2327 525 2367 ut
535 2319 638 2368 Alienus
648 2319 725 2378 vafer,
735 2319 803 2367 omni

150 2409 251 2467 Abiecto
263 2407 426 2456 instrumento
437 2409 507 2467 artis,
518 2408 645 2468 clausaque
657 2407 766 2466 taberne,

151 2496 225 2544 Sutor
234 2503 305 2557 erat3
323 2496 417 2558 sapiens
428 2495 508 2558 operis
520 2495 555 2544 sie
565 2495 671 2557 optimus
681 2495 762 2544 omnis
851 2509 858 2520 ·

151 2583 196 2630 Est
205 2581 286 2645 opifex
295 2585 364 2634 solus
375 2603 383 2646 ;
401 2585 435 2634 sic
446 2598 499 2632 rex.
530 2582 658 2638 iiVellunt
668 2582 712 2630 tibi
722 2584 823 2632 barbam

152 2671 244 2719 Laseivi
254 2673 322 2734 pueri
332 2693 338 2720 z
356 2686 416 2734 quos
426 2680 454 2720 tu
464 2670 512 2719 nisi
523 2671 587 2719 fuste
597 2669 707 2729 coerces,

153 2759 270 2820 Urgueris
280 2762 353 2808 turbo
360 2760 452 2808 circum
463 2765 487 2806 te
498 2766 587 2817 stante,
598 2757 718 2818 miserque

153 2847 291 2908 Rumpen's‚
302 2854 327 2894 et
337 2846 422 2905 latras,
430 2860 574 2906 magnorum
585 2845 691 2893 maxime
702 2858 794 2907 regum.
831 2875 838 2886 ·
852 2837 857 2852 ¹

155 2937 193 2984 Ne
203 2936 303 2995 longum
314 2935 414 2984 focium
431 2935 490 2984 dum
501 2943 529 2984 tu
539 2935 670 2997 quadrante
680 2935 786 2981 lavatum

155 3025 208 3071 Rex
219 3022 276 3081 ibis,
286 3035 364 3083 neque
374 3030 400 3070 te
409 3023 535 3084 quisquam
544 3023 655 3084 stipator,
667 3021 775 3081 ineptum
885 3015 890 3024 '

156 3113 247 3158 Praeter
260 3108 409 3171 crispinum,
419 3109 562 3157 sectabitur:
580 3116 605 3156 et
615 3105 675 3155 mihi
687 3105 768 3152 dulces
