2438 3860
250 485 295 532 166

489 485 519 536 Q
537 481 676 530 HORATil
693 480 810 528 Fuuccl

344 609 468 664 Quietiore
478 622 522 657 nee
532 608 623 655 leretur
634 620 740 667 aequore,

376 701 455 752 Quem
466 696 539 744 Greia
548 695 666 744 victemm
678 709 781 756 menus3

345 786 407 834 Cum
418 785 497 833 Pullus
507 791 562 833 uste
576 782 649 832 vertit
658 782 720 838 iram
731 784 761 831 ab
774 783 819 831 llio

375 874 404 921 lu
415 872 514 936 impiam
523 872 604 934 Ajecis
616 879 700 921 ratem.

343 959 366 1008 0
377 967 480 1021 quantus
491 961 566 1010 instat
578 960 664 1009 navitis
675 959 748 1008 sudor
759 958 818 1018 tuis,
863 963 866 969 '

374 1050 477 1112 Tibique
487 1051 566 1112 puller
577 1051 667 1109 luteus,

342 1143 375 1190 Et
385 1141 428 1189 illu
439 1154 489 1189 nou
500 1138 577 1188 virilis
586 1137 695 1199 mulatio,

375 1231 460 1277 Preees
471 1235 496 1275 et
506 1241 616 1276 aversum
627 1225 657 1272 ed
668 1227 772 1285 lovem;

343 1316 425 1365 lenius
436 1315 485 1364 udo
496 1329 551 1363 eum
562 1313 697 1376 remugiens
709 1312 777 1361 sinus

375 1406 440 1451 Note
452 1402 559 1450 eminam
570 1400 676 1464 ruperit!

343 1491 431 1554 Opima
440 1489 506 1550 qued
515 1490 536 1537 sl
547 1489 629 1551 preda
638 1503 711 1538 curvo
721 1490 806 1538 littere

375 1581 489 1627 Pet-rectu
499 1591 594 1638 mergos
603 1576 693 1637 iuveris
703 1597 711 1638 ;

343 1663 671 1716 Libidinemstmmolauiuu
681 1677 763 1727 capet,

375 1757 407 1804 Et
417 1767 478 1816 agna
490 1753 691 1817 Tempestatibus.

580 1961 646 2009 ODE
664 1962 708 2010 XI.

558 2124 592 2158 lu
609 2124 732 2160 uucmuu.
797 2167 801 2172 s

344 2249 433 2307 Putem,
445 2249 506 2297 nihil
519 2265 568 2311 me,
580 2253 641 2301 sieut
651 2262 733 2313 antee,
741 2257 810 2314 juvat
933 2317 937 2322 .

375 2335 484 2384 Scribere
494 2338 625 2388 versiculos
636 2355 719 2388 amore
729 2341 866 2404 perculsum
876 2338 958 2400 giuvi5

343 2424 443 2482 Amore,
455 2425 495 2484 qui
506 2440 545 2472 me
556 2434 642 2487 praeter
654 2442 739 2476 omnes
751 2429 841 2490 expetit

374 2507 492 2556 Mollibus
503 2509 528 2556 iu
539 2511 619 2571 pueris
630 2512 707 2559 autin
719 2513 805 2573 puellis
816 2527 894 2559 urere.

345 2595 390 2644 Hic
400 2594 485 2645 tertius
496 2597 638 2658 December,
650 2612 681 2646 ex
692 2613 739 2658 quo
750 2599 831 2646 destiti

378 2683 474 2733 Inachia
484 2685 574 2746 furem,
586 2686 652 2734 silvis
662 2686 782 2734 honorem
792 2685 888 2735 decutit.

347 2776 417 2823 Heu!
437 2787 486 2834 me,
496 2788 539 2836 per
551 2774 643 2823 Urbem
658 2775 726 2838 (uem
736 2774 809 2836 pudet
818 2774 880 2822 tenti
891 2775 960 2837 mali)

376 2863 467 2910 Fabula
477 2870 565 2924 quante
576 2862 611 2910 fui
622 2865 628 2910 ἱ
646 2861 810 2914 conviviorum
820 2870 846 2911 et
855 2864 967 2926 poeuitet,

345 2953 374 2998 lu
385 2951 452 3012 queis
462 2958 583 3000 ementem
593 2959 618 3000 et
628 2952 730 3012 languor
741 2958 766 2999 et
776 2949 900 3000 silentium

376 3040 472 3100 Argum,
483 3049 508 3091 et
517 3043 592 3090 latere
603 3041 690 3105 petitus
705 3040 754 3088 imo
767 3040 872 3104 spiritus.
