2438 3860
276 517 306 563 94
515 518 545 569 Q·
563 517 701 566 HORATII
718 519 834 569 mccl

277 644 342 690 Hos.
371 644 413 690 Me
424 657 488 691 nuuc
498 643 604 692 'i'hressa
615 642 694 692 Chloii
704 645 775 706 regit,

403 730 490 778 Dulces
501 729 571 780 docta
582 732 678 792 modos,
689 741 713 780 et
724 733 822 782 citharae
832 735 909 784 sciens
918 757 926 796 t

372 818 419 865 Pro
430 831 477 877 qua
487 833 537 867 non
544 826 649 868 metuam
661 820 734 879 mori,

405 905 432 953 Si
442 913 540 966 parcent
551 906 637 954 animae
650 908 700 956 fata
711 910 841 972 superstiti.

278 1076 341 1122 Lru.
375 1076 417 1123 Me
427 1083 504 1126 torret
515 1078 565 1128 saue
576 1087 661 1128 mutua

403 1163 508 1213 Thurini
520 1167 599 1216 Calais
611 1168 676 1216 filius
688 1168 791 1232 Ornyti3

375 1253 423 1300 Pro
434 1268 481 1314 quo
493 1255 529 1303 bis
541 1256 617 1316 patiar
628 1257 702 1318 mori,

276 1331 278 1336 ’
407 1340 433 1388 Si
444 1350 543 1402 parcent
553 1335 852 1408 puerotatasuperstiti.'

280 1512 346 1560 flou.
375 1511 457 1564 Quid?
476 1512 497 1560 si
507 1513 586 1574 prisca
596 1514 659 1563 redit
669 1518 760 1576 Venus,

406 1597 568 1660 Diductosque
576 1601 634 1660 iugo
645 1602 710 1662 cogit
720 1604 830 1653 aheneo?
869 1587 872 1594 ’

376 1686 402 1734 Si
414 1685 475 1734 flava
483 1687 603 1736 excutitur
616 1689 704 1751 cuod,

408 1777 555 1838 Rejoetaeque
565 1785 631 1838 patet
638 1780 713 1838 J'uuus
724 1780 822 1843 Lydiae?

281 1949 344 1995 [πυ.
378 1949 528 2010 Quamquam
540 1950 617 2000 sidere
627 1931 751 2013 puichridr

409 2037 454 2085 Ille
465 2046 511 2098 est,
523 2046 550 2086 tu
557 2039 632 2088 levior
642 2041 741 2104 cortice,
753 2050 778 2090 et
788 2042 898 2106 improbo

377 2125 517 2174 iracundior
527 2128 603 2176 Adria
612 2149 621 2190 ς

409 2215 500 2262 'l'euum
512 2216 590 2264 vivere
601 2231 691 2276 amem,
704 2226 783 2268 tecum
794 2222 879 2270 obeam
893 2222 978 2272 libens.

620 2493 686 2542 ODE
710 2499 740 2545 X.

614 2668 641 2704 ru
659 2669 752 2706 Lucus.

413 2816 565 2864 Exruuuuru
576 2817 670 2867 'Fansiu
683 2819 703 2868 si
714 2820 817 2883 biberes,
830 2825 901 2886 Lyce,

414 2905 482 2953 Saevo
494 2912 569 2966 nupta
579 2905 647 2968 vir0;
665 2922 705 2956 me
715 2915 795 2958 tumen
807 2924 902 2974 asperus

447 2976 586 3042 porrectum
597 3003 653 3043 antu
664 2999 728 3044 fores
740 2999 843 3058 objicere
854 3001 939 3052 incolis

478 3083 589 3130 Plorares
599 3083 767 3145 Aquilonibus.
