2400 3898
374 596 417 642 DE
436 596 522 643 ARTE
541 594 693 644 POETICA.
888 598 935 646 335

137 723 171 771 Et
181 721 267 784 putris,
278 729 303 770 et
312 729 418 782 nostrus,
431 736 572 784 nonumque
582 730 705 786 prematur
717 723 743 771 in
754 737 856 786 annum,

139 809 289 858 Membrsnis
301 810 366 858 inuis
378 810 472 874 positis.
506 812 593 860 Delere
601 811 694 873 licebit,

137 898 210 952 Quod
221 912 271 947 non
282 899 404 960 edideris;
422 881 499 947 nescit
509 913 557 947 vox
570 899 645 948 misse
656 901 752 950 reverti.

138 987 265 1037 silvestres
276 989 388 1037 homines
400 1002 467 1038 sacer
478 989 646 1051 interpresque
656 988 758 1038 deorum

136 1076 250 1127 ¹Caedibus
261 1085 286 1126 et
295 1077 359 1125 victu
371 1077 438 1126 ioedo
449 1077 567 1128 deterruit
579 1079 692 1141 Orpheus
703 1099 711 1141 3

137 1165 223 1215 Dictus
234 1167 266 1215 ob
276 1166 323 1214 hoc
334 1165 412 1214 lenire
423 1164 507 1226 tigres,
523 1167 666 1229 rabidosque
678 1168 775 1216 leones:

136 1255 221 1304 Dictus
233 1263 257 1303 et
267 1255 391 1318 Amphion
402 1255 526 1304 Thebsnae
538 1255 650 1306 conditor
662 1256 724 1305 arcis

139 1345 205 1393 Saxa
215 1359 313 1394 movere
324 1360 386 1394 sono
397 1346 537 1406 testudinis,
548 1353 573 1394 et
583 1359 654 1408 prece
664 1346 754 1394 blundo

139 1434 233 1481 Ducere
243 1446 291 1494 quo
302 1433 383 1482 vellet.
417 1433 473 1482 Fuit
483 1433 536 1482 haec
548 1433 667 1496 sapientie
676 1432 809 1495 quondum,

140 1521 240 1570 Publice
249 1522 348 1584 privatis
359 1527 495 1582 secernere,
504 1537 576 1572 sacra
586 1522 706 1584 profanis,

130 1610 276 1658 ‘Concubitu
287 1609 416 1672 prohibere
427 1622 496 1669 vago,
509 1609 566 1655 dere
574 1611 633 1667 jura
644 1609 748 1670 maritis,

140 1699 236 1762 Oppida
246 1699 339 1759 moliri,
350 1700 414 1759 leges
426 1697 533 1746 incidere
543 1696 610 1758 ligno
620 1716 625 1744 ε

139 1789 180 1837 Sic
190 1788 270 1836 honor
281 1796 306 1836 et
317 1801 408 1836 nomen
420 1786 507 1834 divinis
518 1769 612 1834 veribus
623 1792 694 1848 atque

140 1875 294 1927 Carminibus
305 1875 379 1930 venit.
414 1877 473 1924 Post
483 1874 529 1923 hos
541 1873 644 1934 insignis
656 1876 789 1936 Homerus,

138 1969 296 2029 'lprtaensque
308 1979 387 2014 mares
398 1963 494 2012 animos
505 1963 532 2011 in
544 1962 634 2011 Martia
644 1964 709 2012 bellu

139 2054 255 2104 Versibus
267 2053 379 2115 exacuit;
397 2053 466 2121 dictae
477 2067 520 2115 per
531 2052 640 2126 carmina
651 2060 729 2107 sortes
741 2072 749 2115 3

140 2145 173 2192 Et
185 2143 239 2192 vitae
250 2151 386 2201 monstrato
396 2142 436 2190 viu
446 2149 496 2190 est:
513 2149 539 2190 et
549 2142 627 2202 gratia
638 2121 721 2204 regum

140 2232 226 2280 Pieriis
238 2239 331 2280 tentata
342 2231 433 2278 modis:
451 2229 572 2290 ludusque
583 2239 703 2292 repertus,

140 2322 172 2369 Et
183 2321 312 2383 longorum
323 2333 425 2381 opernm
438 2318 507 2366 finis:
525 2333 556 2367 ne
567 2319 631 2367 sorte
644 2319 731 2382 pudori

140 2410 177 2458 Sit
187 2409 232 2457 tibi
244 2411 317 2457 Musa
327 2410 385 2471 lyrae
397 2408 486 2467 solers,
497 2414 523 2456 et
534 2416 619 2457 cantor
629 2409 729 2469 Apollo.

142 2501 236 2547 Natura
246 2499 315 2546 fieret
325 2497 445 2546 laudabile
458 2511 567 2556 carmen,
579 2509 610 2544 un
623 2503 685 2556 arte,

101 2571 105 2577 ’
141 2588 276 2642 Quaesitum
287 2596 337 2638 est=
356 2601 400 2648 ego
412 2601 456 2636 nec
469 2586 576 2634 studium
588 2586 642 2634 sine
652 2585 725 2634 divite
735 2601 812 2648 vena;

144 2677 195 2724 Nec
206 2676 266 2724 rude
276 2676 335 2737 quid
346 2675 423 2737 possit
428 2675 502 2723 ,video
515 2674 655 2735 ingenium:
673 2676 772 2724 alterius
784 2675 819 2724 sic

141 2767 226 2813 Altera
236 2764 313 2827 poscit
323 2777 395 2826 opem
407 2777 456 2823 res,
469 2770 493 2811 et
507 2764 618 2822 conjurat
629 2762 714 2810 srnice.

142 2853 190 2908 Qui
202 2852 283 2901 studet
293 2859 401 2914 optatam
413 2866 486 2901 eursu
497 2851 638 2910 contingere
650 2857 750 2910 metam,

142 2944 222 2991 Multo
232 2941 289 2989 tulit
301 2941 404 3002 fecitque
416 2956 490 3004 puer3
508 2939 602 2990 sudavit
613 2943 637 2988 et
648 2939 720 3000 ulsit3

142 3030 267 3079 Abstinuit
278 3031 372 3078 Venere
383 3037 408 3078 et
418 3029 484 3078 vino.
518 3029 566 3083 Qui
579 3028 665 3092 Pythia
675 3035 756 3077 cantet

141 3118 252 3180 Tibicen,
264 3118 348 3168 didicit
358 3119 437 3182 prius,
448 3118 608 3181 extimuitque
619 3117 771 3180 magistrum.
