2438 3860
375 565 557 617 CARMINUM
575 568 637 618 LIB.
655 569 699 619 111.
715 569 756 620 vii.

277 693 377 757 Gygen?
397 696 441 743 llle
453 695 524 743 Notis
535 703 601 744 actus
612 696 642 745 ad
654 697 755 746 Oricum

278 783 335 830 Post
346 783 431 833 insana
443 785 526 847 Caprae
539 785 628 848 sidera,
639 786 737 848 frigidas

309 873 397 921 Noctes
409 887 459 921 non
471 874 524 922 sine
535 875 618 923 multis

343 962 465 1012 Insomnis
477 963 583 1012 lacrimis
595 964 651 1024 agit.

258 1143 260 1150 ’
276 1132 351 1194 Atqui
361 1133 461 1182 solicita
473 1135 572 1183 nuntius
584 1136 696 1197 hospitoe,

275 1220 401 1281 Suspirare
413 1221 521 1282 Chloen,
533 1229 559 1271 et
569 1222 684 1271 miseram
695 1223 743 1271 tuis

306 1307 394 1356 Dicens
406 1308 500 1368 ignibus
511 1310 561 1369 uri,

337 1398 427 1445 Tentat
437 1398 505 1446 mille
515 1400 581 1448 vafer
593 1399 684 1448 modis:

275 1569 310 1616 Ut
322 1570 430 1618 Proetum
442 1572 530 1621 mulier
540 1573 633 1635 perlida
643 1573 767 1622 credulum

274 1656 348 1704 Falsis
359 1657 483 1720 impulerit
492 1661 644 1722 criminibus,
660 1661 731 1710 nimis

306 1744 378 1792 Casto
389 1747 573 1809 Bellerophonti

337 1835 461 1882 Maturare
471 1849 565 1895 necem,
577 1837 659 1884 refert.
674 1889 677 1893 ,

273 2008 363 2054 Narrat
372 2021 440 2068 paenc
452 2005 534 2054 datum
547 2007 619 2054 Pelea
628 2009 743 2067 Tartaro,

272 2095 426 2154 Magnessam
438 2093 584 2154 Hippolyten
596 2093 654 2140 dum
664 2093 725 2154 fugit
738 2091 874 2142 abstinens:

304 2180 336 2227 Et
346 2193 445 2241 poecare
456 2179 568 2228 docentes

336 2267 421 2316 Fallax
432 2265 545 2315 historias
559 2274 652 2327 monet,

272 2443 384 2490 Frustraz
402 2455 459 2490 nam
470 2437 575 2502 scopulis
587 2438 682 2488 surdior
695 2440 756 2488 lcarl

272 2532 347 2578 Voces
359 2528 425 2577 audit
435 2528 512 2576 adhue
523 2526 622 2588 integer.
655 2529 698 2587 At,
709 2527 754 2576 tibi

305 2618 342 2664 Ne
353 2615 445 2664 vicinus
457 2614 563 2676 Enipeus

337 2705 395 2752 Plus
403 2705 470 2763 justo
481 2703 583 2764 placeat,
594 2715 664 2752 cave:

274 2875 386 2929 Quamvis
397 2889 448 2922 non
460 2873 521 2922 alins
533 2873 628 2922 flectere
639 2888 728 2936 aqum
740 2873 816 2922 sciens

273 2964 350 3025 AEqnc
360 2961 506 3025 conspicitur
516 2963 623 3024 gramine
635 2963 736 3021 Martio,

306 3053 357 3099 Nec
366 3051 491 3112 quisquam
502 3049 563 3098 citus
575 3065 641 3112 seque
755 3050 758 3056 '

337 3141 417 3187 ‘insen
428 3138 527 3187 denatat
537 3139 614 3186 alveo.

911 569 940 616 91
