2432 3874
274 533 318 582 iss
520 534 550 586 o.
568 531 708 580 uousru
724 529 841 581 rusccr
861 581 866 592 ,

275 661 412 720 ignoscent,
422 658 511 720 siquid
521 671 619 720 peccaro
631 658 729 716 stultus,
740 657 829 718 amici3

273 749 348 808 Inque
358 745 433 794 vicem
444 743 543 793 illorum
553 743 630 806 pstinr
641 743 727 794 delicta
736 744 850 806 libenter,

277 833 431 894 Privatruque
441 830 516 892 inagis
526 830 605 880 vivam
615 838 640 880 ta
650 845 705 896 rege
714 834 806 881 beatus.

579 1121 698 1169 SATlllA
725 1123 767 1168 lV.

500 1287 527 1320 lli
545 1285 759 1322 caruerimus
777 1286 848 1322 8008.

276 1440 399 1496 Eueonrs,
411 1444 481 1497 atque
493 1436 617 1495 Cratinus,
634 1436 865 1499 Aristophanesque,
881 1434 974 1496 voice,

276 1527 355 1586 Atque
366 1524 408 1572 ulii
418 1538 520 1585 quorum
533 1525 659 1572 Comoedia
668 1525 748 1587 prisca
758 1525 927 1584 abominant,

277 1613 303 1662 Si
314 1614 367 1674 quis
377 1620 430 1662 erat
439 1611 524 1673 dignus
535 1611 646 1672 describi,
658 1613 722 1675 quod
734 1613 822 1672 malus,
833 1620 875 1662 aut
885 1613 934 1671 fur,

277 1701 348 1755 Quod
359 1701 467 1750 noechus
477 1701 550 1760 foret,
562 1700 722 1760 cursiculus,
734 1709 777 1750 aut
787 1700 877 1762 alioqui

278 1789 409 1850 Famosus3
426 1789 504 1836 multa
514 1802 570 1836 cum
580 1788 690 1836 libertate
702 1790 827 1844 notabant.

278 1874 341 1922 Hinc
351 1873 430 1924 omnis
442 1875 530 1936 pendet
540 1875 657 1934 Lucilium,
668 1876 740 1922 hosce
750 1881 856 1934 secutus,

276 1960 377 2011 Mutatis
387 1970 482 2011 tantum
492 1962 591 2024 pedibus
606 1962 759 2022 numerisque
770 1981 778 2021 3
796 1961 896 2019 facetus

276 2052 401 2098 Emunctae
412 2049 488 2109 uuis,
505 2050 579 2098 durus
591 2063 737 2110 componere
747 2062 830 2097 versus
841 2069 846 2096 :

277 2140 340 2186 Nam
352 2138 398 2186 fuit
407 2139 454 2186 boc
463 2138 563 2188 vitiosus
572 2159 580 2199 ;
597 2139 623 2185 in
633 2139 695 2185 hora
705 2151 768 2198 saepe
776 2136 902 2194 ducentos,

277 2226 312 2274 Ut
324 2237 447 2284 magnum,
458 2239 540 2272 versus
550 2223 654 2272 dictabat
664 2233 730 2274 stans
741 2225 800 2286 pede
810 2225 836 2272 in
846 2239 910 2272 uno:

278 2313 341 2361 Cum
352 2312 438 2360 flueret
449 2312 591 2370 luculentus,
603 2319 655 2361 erat
666 2312 731 2373 quod
741 2313 827 2360 tollere
837 2313 924 2360 velles:

276 2400 404 2458 Garrulus,
416 2408 486 2460 atque
497 2401 564 2463 piger
575 2400 694 2448 scribendi
706 2401 770 2448 ferre
779 2401 906 2459 laborem3

275 2484 400 2533 scribendi
411 2493 490 2545 recte,
507 2500 575 2543 nam,
586 2493 614 2534 ut
624 2488 739 2545 mulbrm,
752 2486 787 2532 nil
798 2499 890 2533 moror.
923 2486 995 2543 Ecce,

277 2569 402 2632 Crispinus
413 2569 514 2618 minimo
525 2585 564 2618 me
574 2577 695 2631 provocat,
728 2569 746 2623 ll
756 2569 852 2630 Accipe,
863 2570 884 2616 si
894 2571 940 2631 vis,

270 2656 394 2719 Accipiam
404 2658 514 2719 tabulas3
531 2657 601 2704 debir
612 2656 682 2704 nobis
693 2658 771 2714 locus,
782 2656 854 2715 hora,

276 2745 411 2808 Custodes,
428 2745 551 2794 videamus
561 2754 616 2795 uter
626 2747 681 2807 plus
692 2745 797 2794 scribere
806 2745 890 2806 possit.

274 2832 292 2888 ll
303 2832 335 2882 Di
346 2833 536 2893 benefecerunt,
548 2832 626 2895 inopis
637 2847 677 2881 me
687 2832 799 2894 quodque
809 2832 892 2894 pusilli

274 2921 410 2970 linxerunt
421 2921 506 2982 animi,
518 2933 574 2970 raro
585 2927 611 2970 et
621 2934 739 2984 perpaucs
750 2920 886 2982 loquentis:

274 3008 307 3055 At
318 3015 346 3055 tu
356 3010 482 3058 conclusas
493 3007 593 3058 hircinis
605 3007 705 3057 follibus
718 3021 799 3068 uuas,

274 3096 358 3156 Usque
369 3097 508 3147 laborantes
519 3089 680 3146 dum'iesrum
692 3096 787 3146 molliat
798 3095 870 3158 ignis,
