2432 3874
388 531 579 581 SERMONUM
597 533 660 581 tls.
678 535 697 581 1.
714 549 736 582 v.
758 597 761 602 ,
910 539 957 586 205

162 654 282 718 Praebuit3
299 657 442 719 etparochi,
455 672 508 718 quae
520 657 617 718 debent,
626 658 692 720 ligna
703 662 833 722 salemque.

163 741 226 791 Hinc
237 743 299 791 muli
311 745 399 806 Capuae
410 745 512 794 clitellas
524 753 632 808 tempore
644 757 746 809 ponunt.

162 833 253 880 Lusum
264 831 284 880 it
294 835 424 892 Maeceoas,
436 833 568 882 dormitum
580 848 624 894 ego
635 835 810 896 Virgiliusque:

162 921 272 982 Namque
282 920 331 982 pila
342 920 414 982 lippis
425 919 551 968 inimicum
562 928 587 968 ct
597 920 680 968 ludere
690 922 778 970 crudis.

13 1045 17 1052 .
66 1076 68 1080 Ι
162 1007 225 1056 ilinc
233 1024 278 1057 nos
291 1009 383 1058 Cocceii
396 1009 481 1071 recipit
490 1009 631 1071 plenissima
641 1010 709 1068 villa,

161 1099 221 1150 Quae
233 1105 352 1159 superest
365 1097 442 1145 Caudi
451 1111 580 1165 cauponas.
614 1099 685 1145 Nunc
696 1098 757 1145 mihi
766 1100 846 1160 paucis
883 1139 886 1145 .

160 1185 282 1233 Sarmenti
292 1199 381 1233 scumae
392 1198 498 1245 pugnam
509 1183 631 1245 Messique
644 1183 740 1244 Cicirri,

161 1274 243 1331 Musa,
255 1272 328 1319 velim
340 1285 476 1332 memores3
494 1278 518 1318 et
528 1286 576 1332 quo
587 1277 655 1333 patre
666 1279 737 1320 natus
747 1281 848 1335 uterque

161 1361 299 1409 Contrlerit
309 1360 373 1410 lites.
408 1359 485 1408 Messi
496 1361 588 1409 clarum
599 1375 674 1422 genus
686 1361 760 1424 Osci;

160 1448 282 1520 Sarmeuti
293 1447 392 1496 domina
402 1455 489 1496 exstat.
521 1449 560 1496 Ab
571 1447 609 1495 his
621 1448 752 1508 majoribus
764 1450 812 1497 orti

159 1537 198 1584 Ad
210 1549 313 1598 pugnam
324 1550 425 1585 venere:
443 1536 510 1598 prior
522 1537 674 1596 Sarmentus,
685 1537 747 1599 Equi
759 1544 783 1585 tc

160 1625 220 1672 Esse
231 1624 277 1672 seri
289 1623 394 1672 similem
405 1623 467 1672 dico.
501 1623 630 1673 Ridemus=
648 1631 672 1673 et
684 1624 735 1686 ipse

160 1712 275 1772 Messius,
286 1711 400 1773 Accipi03
417 1718 520 1772 caputet
531 1719 620 1759 movet.
644 1711 678 1770 0,
689 1719 733 1760 tua
742 1727 819 1761 comu

160 1800 193 1848 Ni
205 1801 268 1848 foret
278 1807 374 1848 exsecto
386 1799 465 1858 frons,
477 1798 566 1860 iuquit,
577 1799 635 1860 quid
647 1801 747 1859 faceres,
758 1815 814 1849 cum

159 1887 199 1937 Sic
210 1887 310 1936 mutilus
322 1886 459 1935 minitaris?
477 1888 512 1934 At
522 1886 560 1934 illi
570 1887 636 1935 strada
645 1887 744 1935 cicatrix

159 1977 269 2025 Setosam
280 1977 334 2024 laevi
345 1977 451 2023 frontem
462 1982 600 2036 turpaverat
610 1975 669 2024 oris.

160 2067 309 2126 Campanum
322 2064 347 2112 in
359 2064 481 2121 morbum,
494 2062 617 2112 infaciem
628 2064 749 2126 permulta
757 2066 861 2125 jocatus3

160 2155 284 2201 Pastorem
295 2153 394 2200 saltaret
404 2151 440 2199 uti
453 2151 557 2214 Cyclopa
568 2152 666 2213 rogabat
675 2172 683 2213 3

160 2240 202 2288 Nil
214 2240 251 2288 illi
261 2241 328 2288 larva
339 2247 381 2287 aut
391 2239 487 2300 tragicis
498 2253 559 2301 opus
570 2253 623 2288 esse
634 2239 767 2289 cothurnis.

159 2332 240 2379 Multa
251 2330 357 2379 Cicirrus
368 2329 399 2377 ad
409 2329 471 2388 haec,
483 2329 596 2378 donasset
603 2331 687 2390 jamne
697 2337 805 2379 catenam

158 2421 197 2468 Ex
208 2426 264 2468 voto
276 2418 387 2477 Laribus,
399 2419 538 2479 querebat?
557 2417 636 2466 scriba
646 2418 711 2479 quod
721 2417 794 2479 esset,
874 2413 879 2420 ’

160 2509 218 2557 Nilo
230 2507 335 2556 deterius
346 2506 451 2554 dominae
459 2508 500 2566 jus
512 2520 572 2555 esse.
605 2507 713 2568 Rogabat

160 2597 278 2658 Denique,
289 2611 332 2645 cur
343 2609 450 2657 uuquam
460 2595 577 2656 fugisset3
594 2595 633 2643 cui
644 2595 701 2643 satis
714 2608 763 2643 uua

160 2685 240 2734 Farris
250 2685 313 2733 libra
325 2686 398 2744 foret,
410 2683 493 2744 gracili
504 2683 548 2743 sic,
560 2689 657 2744 tamque
668 2684 775 2746 pusillo?

159 2775 262 2822 Prorsus
270 2772 376 2833 jucunde
387 2785 482 2820 coenam
493 2770 652 2832 produximus
664 2754 740 2819 illam.

159 2861 292 2912 Tendimus
300 2860 361 2923 hinc·
369 2866 434 2908 recta
444 2861 626 2920 Beneventum3
644 2858 685 2906 ubi
696 2857 794 2906 sedulus
803 2857 890 2918 hospes

161 2953 243 3009 Pane,
255 2961 359 3006 macros,
372 2947 440 3005 arsit,
452 2945 537 2994 turdos
549 2945 607 2993 dum
617 2952 698 2993 versat
708 2944 734 2991 in
746 2943 814 3003 igne:

162 3041 225 3086 Nam
236 3048 295 3096 vaga
304 3048 347 3097 per
358 3040 463 3082 veterem
474 3031 567 3094 dilapso
579 3031 676 3080 flamma
686 3029 791 3080 culinam
