<?xml version="1.0" encoding="UTF-8"?>
<!DOCTYPE html PUBLIC "-//W3C//DTD XHTML 1.0 Transitional//EN"
    "http://www.w3.org/TR/xhtml1/DTD/xhtml1-transitional.dtd">
<html xmlns="http://www.w3.org/1999/xhtml" xml:lang="en" lang="en">
 <head>
  <title>
</title>
<meta http-equiv="Content-Type" content="text/html;charset=utf-8" />
  <meta name='ocr-system' content='tesseract 3.04.00' />
  <meta name='ocr-capabilities' content='ocr_page ocr_carea ocr_par ocr_line ocrx_word'/>
</head>
<body>
  <div class='ocr_page' id='page_1' title='image "./opera00gesngoog_0170.png"; bbox 0 0 2438 3860; ppageno 0'>
   <div class='ocr_carea' id='block_1_1' title="bbox 441 612 968 662">
    <p class='ocr_par' dir='ltr' id='par_1_1' title="bbox 441 612 968 662">
     <span class='ocr_line' id='line_1_1' title="bbox 441 612 968 662; baseline 0.002 -1"><span class='ocrx_word' id='word_1_1' title='bbox 441 612 579 662; x_wconf 84' lang='lat' dir='ltr'>EPODON</span> <span class='ocrx_word' id='word_1_2' title='bbox 597 613 701 662; x_wconf 83' lang='lat' dir='ltr'>LIBER.</span> <span class='ocrx_word' id='word_1_3' title='bbox 926 613 968 662; x_wconf 86' lang='lat'>161</span> 
     </span>
    </p>
   </div>
   <div class='ocr_carea' id='block_1_2' title="bbox 270 738 860 979">
    <p class='ocr_par' dir='ltr' id='par_1_2' title="bbox 270 738 860 979">
     <span class='ocr_line' id='line_1_2' title="bbox 272 738 785 803; baseline -0.008 -13"><span class='ocrx_word' id='word_1_4' title='bbox 272 744 339 802; x_wconf 89' lang='lat' dir='ltr'>Post,</span> <span class='ocrx_word' id='word_1_5' title='bbox 351 741 472 803; x_wconf 72' lang='lat' dir='ltr'>insepulta</span> <span class='ocrx_word' id='word_1_6' title='bbox 483 741 591 788; x_wconf 84' lang='lat' dir='ltr'>membra</span> <span class='ocrx_word' id='word_1_7' title='bbox 601 739 713 788; x_wconf 85' lang='lat' dir='ltr'>different</span> <span class='ocrx_word' id='word_1_8' title='bbox 724 738 785 801; x_wconf 91' lang='lat' dir='ltr'>lupi,</span> 
     </span>
     <span class='ocr_line' id='line_1_3' title="bbox 302 828 571 890; baseline -0.004 -13"><span class='ocrx_word' id='word_1_9' title='bbox 302 831 335 877; x_wconf 81' lang='lat' dir='ltr'>Et</span> <span class='ocrx_word' id='word_1_10' title='bbox 345 828 476 890; x_wconf 80' lang='lat' dir='ltr'>Esquilinae</span> <span class='ocrx_word' id='word_1_11' title='bbox 488 829 571 876; x_wconf 80' lang='lat' dir='ltr'><strong>alites:</strong></span> 
     </span>
     <span class='ocr_line' id='line_1_4' title="bbox 270 916 860 979; baseline 0.003 -15"><span class='ocrx_word' id='word_1_12' title='bbox 270 918 356 978; x_wconf 84' lang='lat' dir='ltr'><strong>Neque</strong></span> <span class='ocrx_word' id='word_1_13' title='bbox 365 917 412 964; x_wconf 88' lang='lat' dir='ltr'>hoc</span> <span class='ocrx_word' id='word_1_14' title='bbox 422 923 533 978; x_wconf 79' lang='lat' dir='ltr'>parentes</span> <span class='ocrx_word' id='word_1_15' title='bbox 550 917 608 979; x_wconf 91' lang='lat' dir='ltr'>(heu</span> <span class='ocrx_word' id='word_1_16' title='bbox 619 916 680 965; x_wconf 91' lang='lat' dir='ltr'>mihi</span> <span class='ocrx_word' id='word_1_17' title='bbox 691 916 830 978; x_wconf 75' lang='lat' dir='ltr'>superstites</span> <span class='ocrx_word' id='word_1_18' title='bbox 841 916 860 978; x_wconf 76' lang='grc' dir='ltr'>Ξ)</span> 
     </span>
    </p>
   </div>
   <div class='ocr_carea' id='block_1_3' title="bbox 303 1005 599 1068">
    <p class='ocr_par' dir='ltr' id='par_1_3' title="bbox 303 1005 599 1068">
     <span class='ocr_line' id='line_1_5' title="bbox 303 1005 599 1068; baseline 0 -16"><span class='ocrx_word' id='word_1_19' title='bbox 303 1005 420 1066; x_wconf 80' lang='lat' dir='ltr'>Effugerit</span> <span class='ocrx_word' id='word_1_20' title='bbox 429 1006 599 1068; x_wconf 73' lang='lat' dir='ltr'>spectaculum.</span> 
     </span>
    </p>
   </div>
   <div class='ocr_carea' id='block_1_4' title="bbox 420 1289 724 1512">
    <p class='ocr_par' dir='ltr' id='par_1_4' title="bbox 420 1289 724 1512">
     <span class='ocr_line' id='line_1_6' title="bbox 515 1289 634 1338; baseline -0.008 0"><span class='ocrx_word' id='word_1_21' title='bbox 515 1289 634 1338; x_wconf 71' lang='lat' dir='ltr'>ODE&#39;VI.</span> 
     </span>
     <span class='ocr_line' id='line_1_7' title="bbox 420 1471 724 1512; baseline 0.007 -2"><span class='ocrx_word' id='word_1_22' title='bbox 420 1476 447 1510; x_wconf 82' lang='lat' dir='ltr'>ru</span> <span class='ocrx_word' id='word_1_23' title='bbox 464 1471 577 1512; x_wconf 75' lang='lat' dir='ltr'>csssruru</span> <span class='ocrx_word' id='word_1_24' title='bbox 594 1475 724 1512; x_wconf 70' lang='lat' dir='ltr'>sorssors.</span> 
     </span>
    </p>
   </div>
   <div class='ocr_carea' id='block_1_5' title="bbox 217 1632 873 3020">
    <p class='ocr_par' dir='ltr' id='par_1_5' title="bbox 271 1632 808 1784">
     <span class='ocr_line' id='line_1_8' title="bbox 271 1632 808 1698; baseline -0.004 -15"><span class='ocrx_word' id='word_1_25' title='bbox 271 1638 341 1689; x_wconf 84' lang='lat' dir='ltr'>Qum</span> <span class='ocrx_word' id='word_1_26' title='bbox 352 1635 506 1684; x_wconf 70' lang='lat' dir='ltr'>immerentes</span> <span class='ocrx_word' id='word_1_27' title='bbox 517 1633 624 1698; x_wconf 82' lang='lat' dir='ltr'>hospites</span> <span class='ocrx_word' id='word_1_28' title='bbox 636 1647 719 1694; x_wconf 77' lang='lat' dir='ltr'>vexas,</span> <span class='ocrx_word' id='word_1_29' title='bbox 731 1632 808 1693; x_wconf 81' lang='lat' dir='ltr'>oanis,</span> 
     </span>
     <span class='ocr_line' id='line_1_9' title="bbox 297 1723 634 1784; baseline -0.003 -14"><span class='ocrx_word' id='word_1_30' title='bbox 297 1725 397 1784; x_wconf 79' lang='lat' dir='ltr'>ignavus</span> <span class='ocrx_word' id='word_1_31' title='bbox 409 1723 536 1771; x_wconf 80' lang='lat' dir='ltr'>adversum</span> <span class='ocrx_word' id='word_1_32' title='bbox 544 1723 634 1784; x_wconf 81' lang='lat' dir='ltr'>lupos?</span> 
     </span>
    </p>

    <p class='ocr_par' dir='ltr' id='par_1_6' title="bbox 267 1808 807 1872">
     <span class='ocr_line' id='line_1_10' title="bbox 267 1808 807 1872; baseline -0.004 -12"><span class='ocrx_word' id='word_1_33' title='bbox 267 1812 332 1865; x_wconf 87' lang='lat' dir='ltr'>Quin</span> <span class='ocrx_word' id='word_1_34' title='bbox 344 1813 391 1860; x_wconf 87' lang='lat' dir='ltr'>huc</span> <span class='ocrx_word' id='word_1_35' title='bbox 402 1811 498 1870; x_wconf 83' lang='lat' dir='ltr'>inanes,</span> <span class='ocrx_word' id='word_1_36' title='bbox 510 1810 531 1859; x_wconf 87' lang='lat' dir='ltr'>si</span> <span class='ocrx_word' id='word_1_37' title='bbox 541 1817 621 1872; x_wconf 71' lang='lat' dir='ltr'>potes,</span> <span class='ocrx_word' id='word_1_38' title='bbox 633 1809 706 1858; x_wconf 85' lang='lat' dir='ltr'>vertis</span> <span class='ocrx_word' id='word_1_39' title='bbox 718 1808 807 1869; x_wconf 78' lang='lat' dir='ltr'>minas,</span> 
     </span>
    </p>

    <p class='ocr_par' dir='ltr' id='par_1_7' title="bbox 217 1897 650 1958">
     <span class='ocr_line' id='line_1_11' title="bbox 217 1897 650 1958; baseline -0.005 -12"><span class='ocrx_word' id='word_1_40' title='bbox 217 1929 222 1940; x_wconf 85' lang='lat'><strong>·</strong></span> <span class='ocrx_word' id='word_1_41' title='bbox 241 1919 242 1922; x_wconf 42' lang='lat'>¹</span> <span class='ocrx_word' id='word_1_42' title='bbox 298 1900 330 1946; x_wconf 89' lang='lat' dir='ltr'>Et</span> <span class='ocrx_word' id='word_1_43' title='bbox 340 1912 379 1946; x_wconf 87' lang='lat' dir='ltr'>me</span> <span class='ocrx_word' id='word_1_44' title='bbox 391 1911 558 1945; x_wconf 80' lang='lat' dir='ltr'>remorsurum</span> <span class='ocrx_word' id='word_1_45' title='bbox 568 1897 650 1958; x_wconf 82' lang='lat' dir='ltr'>petis?</span> 
     </span>
    </p>

    <p class='ocr_par' dir='ltr' id='par_1_8' title="bbox 231 1983 873 2051">
     <span class='ocr_line' id='line_1_12' title="bbox 231 1983 873 2051; baseline -0.003 -17"><span class='ocrx_word' id='word_1_46' title='bbox 231 1983 234 1989; x_wconf 78' lang='grc'><em>“</em></span> <span class='ocrx_word' id='word_1_47' title='bbox 268 1989 341 2045; x_wconf 88' lang='lat' dir='ltr'>Nam,</span> <span class='ocrx_word' id='word_1_48' title='bbox 353 1985 432 2047; x_wconf 78' lang='lat' dir='ltr'>qualis</span> <span class='ocrx_word' id='word_1_49' title='bbox 444 1993 486 2033; x_wconf 88' lang='lat' dir='ltr'>aut</span> <span class='ocrx_word' id='word_1_50' title='bbox 497 1985 632 2043; x_wconf 87' lang='lat' dir='ltr'>Molossus,</span> <span class='ocrx_word' id='word_1_51' title='bbox 645 1992 689 2033; x_wconf 84' lang='lat' dir='ltr'>sut</span> <span class='ocrx_word' id='word_1_52' title='bbox 699 1985 779 2051; x_wconf 75' lang='lat' dir='ltr'>iuivus</span> <span class='ocrx_word' id='word_1_53' title='bbox 792 1985 873 2034; x_wconf 84' lang='lat' dir='ltr'>Lacon</span> 
     </span>
    </p>

    <p class='ocr_par' dir='ltr' id='par_1_9' title="bbox 266 2067 734 2225">
     <span class='ocr_line' id='line_1_13' title="bbox 304 2067 606 2137; baseline -0.007 -15"><span class='ocrx_word' id='word_1_54' title='bbox 304 2067 400 2137; x_wconf 66' lang='lat' dir='ltr'>(rimisa</span> <span class='ocrx_word' id='word_1_55' title='bbox 410 2073 446 2121; x_wconf 82' lang='lat' dir='ltr'>vis</span> <span class='ocrx_word' id='word_1_56' title='bbox 458 2069 606 2135; x_wconf 81' lang='lat' dir='ltr'>pastoribus)</span> 
     </span>
     <span class='ocr_line' id='line_1_14' title="bbox 266 2160 734 2225; baseline -0.004 -15"><span class='ocrx_word' id='word_1_57' title='bbox 266 2166 343 2224; x_wconf 80' lang='lat' dir='ltr'>Agmn</span> <span class='ocrx_word' id='word_1_58' title='bbox 354 2177 397 2225; x_wconf 84' lang='lat' dir='ltr'>per</span> <span class='ocrx_word' id='word_1_59' title='bbox 408 2163 469 2211; x_wconf 79' lang='lat' dir='ltr'>altus</span> <span class='ocrx_word' id='word_1_60' title='bbox 481 2175 540 2209; x_wconf 83' lang='lat' dir='ltr'>sure</span> <span class='ocrx_word' id='word_1_61' title='bbox 551 2161 646 2210; x_wconf 75' lang='lat' dir='ltr'>sublata</span> <span class='ocrx_word' id='word_1_62' title='bbox 656 2160 734 2220; x_wconf 87' lang='lat' dir='ltr'>nives,</span> 
     </span>
    </p>

    <p class='ocr_par' dir='ltr' id='par_1_10' title="bbox 238 2233 654 2312">
     <span class='ocr_line' id='line_1_15' title="bbox 238 2233 654 2312; baseline -0.007 -12"><span class='ocrx_word' id='word_1_63' title='bbox 238 2233 240 2236; x_wconf 30' lang='lat'>¹</span> <span class='ocrx_word' id='word_1_64' title='bbox 300 2253 455 2312; x_wconf 83' lang='lat' dir='ltr'>Quaeounque</span> <span class='ocrx_word' id='word_1_65' title='bbox 466 2247 585 2312; x_wconf 56' lang='lat' dir='ltr'>procedet</span> <span class='ocrx_word' id='word_1_66' title='bbox 594 2249 654 2298; x_wconf 81' lang='lat' dir='ltr'>iera.</span> 
     </span>
    </p>

    <p class='ocr_par' dir='ltr' id='par_1_11' title="bbox 266 2335 807 2487">
     <span class='ocr_line' id='line_1_16' title="bbox 266 2335 807 2398; baseline 0 -12"><span class='ocrx_word' id='word_1_67' title='bbox 266 2341 305 2386; x_wconf 86' lang='lat' dir='ltr'>Tu</span> <span class='ocrx_word' id='word_1_68' title='bbox 316 2353 371 2388; x_wconf 90' lang='lat' dir='ltr'>cum</span> <span class='ocrx_word' id='word_1_69' title='bbox 383 2337 491 2387; x_wconf 85' lang='lat' dir='ltr'>timenda</span> <span class='ocrx_word' id='word_1_70' title='bbox 501 2351 559 2386; x_wconf 84' lang='lat' dir='ltr'>voce</span> <span class='ocrx_word' id='word_1_71' title='bbox 570 2335 697 2398; x_wconf 86' lang='lat' dir='ltr'>complesti</span> <span class='ocrx_word' id='word_1_72' title='bbox 711 2349 807 2396; x_wconf 84' lang='lat' dir='ltr'>nemus,</span> 
     </span>
     <span class='ocr_line' id='line_1_17' title="bbox 300 2426 657 2487; baseline 0 -13"><span class='ocrx_word' id='word_1_73' title='bbox 300 2429 438 2487; x_wconf 83' lang='lat' dir='ltr'>Projeotum</span> <span class='ocrx_word' id='word_1_74' title='bbox 450 2426 560 2476; x_wconf 83' lang='lat' dir='ltr'>odoraris</span> <span class='ocrx_word' id='word_1_75' title='bbox 568 2426 657 2475; x_wconf 88' lang='lat' dir='ltr'>cibum.</span> 
     </span>
    </p>

    <p class='ocr_par' dir='ltr' id='par_1_12' title="bbox 268 2513 831 2665">
     <span class='ocr_line' id='line_1_18' title="bbox 268 2513 831 2586; baseline -0.002 -22"><span class='ocrx_word' id='word_1_76' title='bbox 268 2517 341 2576; x_wconf 85' lang='lat' dir='ltr'>Cave,</span> <span class='ocrx_word' id='word_1_77' title='bbox 353 2529 425 2586; x_wconf 66' lang='lat' dir='ltr'>cove3</span> <span class='ocrx_word' id='word_1_78' title='bbox 442 2529 547 2577; x_wconf 80' lang='lat' dir='ltr'>nomque</span> <span class='ocrx_word' id='word_1_79' title='bbox 557 2515 584 2564; x_wconf 84' lang='lat' dir='ltr'>in</span> <span class='ocrx_word' id='word_1_80' title='bbox 596 2515 675 2564; x_wconf 81' lang='lat' dir='ltr'>mulos</span> <span class='ocrx_word' id='word_1_81' title='bbox 686 2513 831 2576; x_wconf 78' lang='lat' dir='ltr'>asperrimus</span> 
     </span>
     <span class='ocr_line' id='line_1_19' title="bbox 299 2603 579 2665; baseline 0 -13"><span class='ocrx_word' id='word_1_82' title='bbox 299 2605 385 2652; x_wconf 78' lang='lat' dir='ltr'>Parata</span> <span class='ocrx_word' id='word_1_83' title='bbox 396 2603 458 2652; x_wconf 87' lang='lat' dir='ltr'>tollo</span> <span class='ocrx_word' id='word_1_84' title='bbox 471 2617 579 2665; x_wconf 78' lang='lat' dir='ltr'>cornus3</span> 
     </span>
    </p>

    <p class='ocr_par' dir='ltr' id='par_1_13' title="bbox 268 2689 778 2842">
     <span class='ocr_line' id='line_1_20' title="bbox 268 2689 778 2756; baseline -0.006 -16"><span class='ocrx_word' id='word_1_85' title='bbox 268 2689 352 2746; x_wconf 85' lang='lat' dir='ltr'>Qualis</span> <span class='ocrx_word' id='word_1_86' title='bbox 365 2693 490 2754; x_wconf 79' lang='lat' dir='ltr'>Lyosmbae</span> <span class='ocrx_word' id='word_1_87' title='bbox 501 2697 595 2756; x_wconf 80' lang='lat' dir='ltr'>spretus</span> <span class='ocrx_word' id='word_1_88' title='bbox 608 2691 683 2740; x_wconf 82' lang='lat' dir='ltr'>infido</span> <span class='ocrx_word' id='word_1_89' title='bbox 695 2704 778 2751; x_wconf 82' lang='lat' dir='ltr'>gener,</span> 
     </span>
     <span class='ocr_line' id='line_1_21' title="bbox 300 2780 618 2842; baseline -0.003 -14"><span class='ocrx_word' id='word_1_90' title='bbox 300 2782 351 2828; x_wconf 80' lang='lat' dir='ltr'>Aut</span> <span class='ocrx_word' id='word_1_91' title='bbox 362 2794 416 2828; x_wconf 83' lang='lat' dir='ltr'>acer</span> <span class='ocrx_word' id='word_1_92' title='bbox 426 2780 504 2829; x_wconf 89' lang='lat' dir='ltr'>hostis</span> <span class='ocrx_word' id='word_1_93' title='bbox 515 2780 618 2842; x_wconf 76' lang='lat' dir='ltr'>Bupalo.</span> 
     </span>
    </p>

    <p class='ocr_par' dir='ltr' id='par_1_14' title="bbox 268 2845 747 3020">
     <span class='ocr_line' id='line_1_22' title="bbox 268 2845 747 2930; baseline -0.002 -16"><span class='ocrx_word' id='word_1_94' title='bbox 268 2870 318 2927; x_wconf 87' lang='lat' dir='ltr'>An,</span> <span class='ocrx_word' id='word_1_95' title='bbox 330 2869 351 2916; x_wconf 86' lang='lat' dir='ltr'>si</span> <span class='ocrx_word' id='word_1_96' title='bbox 363 2868 416 2928; x_wconf 90' lang='lat' dir='ltr'>quis</span> <span class='ocrx_word' id='word_1_97' title='bbox 428 2875 481 2917; x_wconf 84' lang='lat' dir='ltr'>atro</span> <span class='ocrx_word' id='word_1_98' title='bbox 492 2867 565 2916; x_wconf 78' lang='lat' dir='ltr'>deute</span> <span class='ocrx_word' id='word_1_99' title='bbox 576 2881 616 2916; x_wconf 82' lang='lat' dir='ltr'>me</span> <span class='ocrx_word' id='word_1_100' title='bbox 628 2845 747 2930; x_wconf 67' lang='lat' dir='ltr'>potirerit,</span> 
     </span>
     <span class='ocr_line' id='line_1_23' title="bbox 302 2957 600 3020; baseline 0.007 -17"><span class='ocrx_word' id='word_1_101' title='bbox 302 2958 396 3005; x_wconf 85' lang='lat' dir='ltr'>inultus</span> <span class='ocrx_word' id='word_1_102' title='bbox 408 2965 436 3005; x_wconf 91' lang='lat' dir='ltr'>ut</span> <span class='ocrx_word' id='word_1_103' title='bbox 447 2957 512 3006; x_wconf 82' lang='lat' dir='ltr'>flebo</span> <span class='ocrx_word' id='word_1_104' title='bbox 521 2960 600 3020; x_wconf 82' lang='lat' dir='ltr'>puer?</span> 
     </span>
    </p>
   </div>
   <div class='ocr_carea' id='block_1_6' title="bbox 0 0 1228 3860">
    <p class='ocr_par' dir='ltr' id='par_1_15' title="bbox 0 0 1228 3860">
     <span class='ocr_line' id='line_1_24' title="bbox 0 0 1228 3860; baseline 0 0"><span class='ocrx_word' id='word_1_105' title='bbox 0 0 1228 3860; x_wconf 95' lang='lat' dir='ltr'> </span> 
     </span>
    </p>
   </div>
  </div>
 </body>
</html>
