2438 3860
362 537 545 586 CARMINUM
564 537 626 584 LIB.
644 535 688 582 lll.
705 535 762 584 xvii.
921 540 965 586 1⁰3

287 643 367 712 ¹'Purae
379 663 444 712 rivus
455 677 533 725 aqua,
546 663 652 726 silvaque
660 667 773 725 jugerum

297 756 441 814 Paucorum,
453 761 478 802 et
489 752 574 814 segetis
586 761 652 822 certa
663 752 722 802 fides
734 767 804 812 meaa,
885 761 887 764 “

297 843 436 904 Fulgentem
449 842 552 905 irnperio
563 841 650 892 fertilis
661 840 750 890 Africae

425 930 498 979 Fallit
508 937 574 978 sorte
584 929 685 978 beatior.

209 1121 211 1124 ·
299 1105 452 1164 Quamquam
463 1116 508 1150 nec
521 1103 629 1169 Calabra
642 1103 716 1150 mella
726 1104 807 1152 ferunt
819 1117 885 1166 apes,

297 1191 350 1238 Nec
357 1189 521 1252 Laestrygonia
531 1189 641 1236 Bacchus
653 1189 678 1236 in
691 1189 808 1251 amphora

299 1276 443 1338 Languescit
452 1275 524 1335 mihi,
536 1290 580 1325 noc
592 1276 690 1338 pinguia
702 1277 801 1326 Gallicis

428 1368 547 1417 Crescunt
558 1369 648 1416 vellera
659 1367 752 1438 pascuis
761 1388 769 1429 3

301 1542 443 1603 Importuna
455 1549 536 1592 umen
548 1543 674 1605 pauperies
685 1544 768 1605 abest3

299 1632 360 1690 Nec,
372 1631 392 1679 si
404 1633 475 1693 plura
485 1632 568 1692 velim,
580 1640 608 1680 tu
618 1632 676 1681 dare
687 1631 797 1694 deneges.

302 1721 433 1768 Contracto
445 1721 531 1770 melius
543 1733 616 1783 parra
626 1720 740 1784 cupidine

427 1807 559 1867 Vectigalia
568 1807 701 1870 porrigam,

302 1982 381 2031 Quam
392 1975 413 2024 si
424 1977 561 2039 Mygdoniis
573 1993 674 2039 regnum
687 1979 795 2041 Alyattei

302 2064 399 2127 Campis
410 2065 558 2113 continuem.
592 2068 686 2116 Mum
698 2067 833 2128 petentibus

301 2155 395 2200 Desunt
405 2153 506 2205 multa..
523 2155 590 2200 Bene
602 2160 649 2214 eat,
661 2153 700 2202 cui
711 2155 777 2202 Deus
789 2156 877 2204 obtulit

403 2281 406 2288 ,
430 2241 516 2300 Parca,
527 2241 592 2302 quod
603 2242 660 2290 satis
673 2249 720 2301 est,
732 2256 813 2290 manu.

490 2529 557 2578 ODE
578 2529 657 2578 XVIl.

437 2706 472 2741 11)
490 2703 578 2739 aaron
597 2703 709 2740 11111111.

303 2855 372 2912 AEm,
383 2861 479 2904 vetusto
490 2854 579 2903 nobilis
592 2855 622 2902 ab
633 2855 719 2912 Lauro,

308 2941 422 3002 (Quando
434 2948 460 2990 et
470 2940 564 3004 priores
576 2941 634 2990 hinc
645 2940 742 2990 Lamias
754 2941 836 2988 lerunt

336 3030 522 3090 Denominatos,
535 3038 560 3079 et
572 3036 689 3092 nepotum

371 3119 417 3165 Per
433 3132 552 3167 memores
565 3131 640 3178 genus
653 3129 726 3164 omne
738 3116 813 3163 fastos
