2400 3898
240 525 289 576 322
480 526 510 578 Q.
529 524 667 573 HORATll
685 523 801 572 FtAccl

243 639 372 718 Serpentes
383 652 466 701 atibus
477 651 641 713 geminentur,
652 651 754 712 tigribus
765 652 828 712 ugni.

243 742 347 804 inceptis
358 740 469 818 gravibus
480 740 623 803 plerumque
635 747 660 786 et
671 753 757 799 magna
767 739 882 801 professis
981 751 984 758 ’

242 832 391 891 Purpureus,
402 830 451 877 late
462 828 504 890 qui
515 827 650 890 splendeat,
662 841 726 875 unus
737 835 762 876 et
772 829 833 876 aiter

242 919 356 967 Assuitur
365 933 478 982 pannus,
495 932 550 967 cum
560 919 630 966 lucus
642 925 667 965 et
677 931 720 966 ara
731 918 826 976 Diuum,

241 1009 274 1056 Et
284 1007 436 1071 properantis
448 1022 515 1069 uquae
527 1022 569 1070 per
581 1020 690 1056 emoenos
702 1006 806 1055 ambitus
816 1019 897 1068 agros,

241 1099 292 1145 Aut
302 1097 393 1145 flumen
402 1097 525 1156 Rhenum,
537 1103 579 1144 aut
589 1095 685 1158 pluvius
697 1095 840 1144 describitur
851 1110 934 1144 arcus:

164 1215 170 1226 ·
243 1185 291 1234 Sed
302 1200 368 1234 nunc
379 1199 429 1233 non
441 1192 494 1233 erat
505 1183 543 1232 his
554 1185 636 1232 locus:
654 1192 679 1232 et
690 1184 794 1236 fortusse
805 1199 944 1248 cupressum

243 1274 295 1323 Scis
306 1274 435 1336 simulare3
453 1273 578 1334 quidhoc,
590 1271 610 1321 si
622 1272 704 1321 fractis
716 1281 798 1322 enatat
808 1289 893 1338 exspes

244 1362 362 1422 Navibus,
374 1377 422 1410 tere
433 1362 489 1410 dato
500 1361 542 1424 qui
553 1361 660 1426 pingitur
666 1363 680 1410 ..²
700 1361 818 1424 amphora
828 1363 901 1427 coepit

206 1453 215 1460 ”
242 1451 355 1511 lnstitui3
372 1457 484 1498 currente
495 1458 551 1498 rota
561 1465 605 1500 cur
616 1463 704 1499 urceus
716 1450 785 1498 exit?
824 1443 832 1464 ⁸

204 1583 208 1592 ,
242 1539 351 1599 Denique
363 1537 395 1584 sit
406 1537 470 1599 quod
481 1537 527 1598 vis,
539 1538 643 1602 simplex
654 1538 772 1587 duntaxat
783 1547 808 1586 et
819 1553 903 1587 unum.

243 1625 353 1674 Maxima
364 1639 419 1688 pars
429 1634 522 1686 vatim,
533 1634 602 1688 pater
612 1628 742 1687 etjuvenes
753 1635 821 1690 patre
831 1627 907 1688 digni,

244 1715 383 1778 Decipimur
395 1714 472 1778 specie
484 1715 556 1764 recti:
574 1715 653 1764 brevis
664 1729 717 1764 esse
728 1717 824 1776 laboro,

245 1804 369 1853 Obscurus
380 1805 425 1852 fio:
444 1810 575 1852 sectantem
587 1803 649 1852 levia
659 1803 727 1852 nervi

243 1894 365 1942 Deficiunt
376 1892 513 1954 animique:
530 1893 653 1955 professus
663 1893 763 1954 grandia
774 1901 866 1954 burget:

244 1982 324 2046 Serpit
335 1983 404 2031 humi
416 1990 482 2031 tutus
494 1981 598 2032 nimium
609 1982 756 2044 timidusque
766 1971 887 2045 proeellae'.

244 2070 292 2124 Qui
304 2070 396 2120 variare
406 2071 473 2133 cupit
483 2084 535 2118 rem
546 2069 711 2133 prodigialiter
722 2085 808 2131 uuam,

244 2159 391 2222 Delphinum
402 2158 470 2228 silvis
481 2157 597 2221 appingit,
609 2157 723 2208 fluctibus
734 2171 828 2221 aprum

244 2251 273 2296 In
283 2249 367 2296 vitium
378 2248 445 2297 ducit
455 2250 532 2311 culpae
540 2248 606 2309 iuge,
619 2248 640 2296 si
650 2255 716 2302 mret
728 2255 788 2302 arte.

243 2338 372 2386 AEmilium
383 2339 447 2388 circa
457 2339 543 2388 ludum
554 2339 622 2388 taber
632 2338 697 2386 imus
708 2346 733 2386 et
743 2351 835 2399 ungues
909 2325 912 2330 ¹

243 2426 380 2488 imprimet,
393 2435 418 2475 et
429 2429 516 2476 molles
528 2426 662 2476 imitabitur
674 2440 722 2476 aere
732 2425 844 2488 capillos,

243 2514 332 2563 Infelix
344 2516 423 2578 operis
435 2530 541 2575 summa,
553 2516 611 2577 quia
620 2532 712 2580 ponere
723 2523 802 2564 totum

244 2603 349 2653 Nesciet.
384 2606 455 2654 Hunc
466 2619 510 2666 ego
521 2619 570 2665 me,
583 2605 603 2653 si
615 2607 673 2668 quid
683 2617 829 2668 componere
840 2615 933 2662 curem,

246 2694 302 2740 Non
316 2693 390 2755 magis
401 2707 454 2742 esse
464 2694 547 2755 velim,
559 2709 631 2757 quam
642 2708 715 2758 pravo
726 2694 806 2744 vivere
816 2706 899 2753 uaso,-

244 2784 405 2845 Spectandum
417 2784 493 2846 nigris
502 2785 579 2833 oculis
592 2785 709 2846 nigroque
721 2784 817 2846 capillo.

244 2871 337 2920 Sumite
347 2873 473 2921 materiam
483 2874 580 2935 vestris,
592 2875 633 2936 qui
645 2874 760 2934 scribitis,
773 2886 866 2934 aequam

243 2961 353 3020 Viribus,
364 2969 389 3009 et
399 2969 491 3010 versate
502 2963 544 3012 diu
555 2963 612 3024 quid
624 2964 688 3012 ferre
699 2970 820 3022 recusent,

244 3049 309 3102 Quid
319 3049 414 3109 valeant
425 3049 529 3098 humeri.
564 3052 610 3100 Cui
622 3054 683 3100 lecta
694 3058 806 3113 potenter
818 3049 865 3098 erit
874 3061 930 3107 res,¹

245 3139 295 3186 Nec
308 3137 421 3184 facundia
431 3137 525 3187 deseret
535 3139 610 3201 hunc,
622 3146 666 3190 nec'
676 3140 771 3202 lucidus
784 3139 853 3210 orde.
