2432 3874
396 461 535 512 CARMEN
552 459 744 509 SAECULARE.

298 593 377 638 Roma
386 589 407 638 si
417 595 523 638 vestrmn
534 593 572 636 est
583 601 654 650 opus,
668 586 771 647 Iliaeque

298 678 377 730 Littus
387 679 517 726 Etruscum
528 683 627 724 tenuere
637 682 736 733 tnrmae,

298 767 372 815 Jussa
381 779 436 830 pars
448 773 541 812 mutare
552 765 625 810 Lares
637 769 662 811 et
672 762 757 810 urbem

428 852 523 914 Sospite
533 864 606 898 cursu
616 869 625 910 ς

301 1025 347 1075 Cui
358 1039 401 1088 per
412 1023 537 1072 ardentem
548 1021 601 1070 sine
613 1019 698 1068 fraude
708 1021 808 1080 Troiam

300 1115 387 1163 Castus
398 1115 489 1161 AEneas
500 1093 584 1174 putriae
595 1115 716 1171 superstes
735 1143 736 1148 η
829 1104 830 1114 ’

300 1202 414 1252 Liberum
423 1199 529 1249 munitis
538 1199 595 1258 iter,
605 1197 706 1246 daturus

407 1290 413 1296 “
431 1288 504 1338 Plura
513 1285 604 1335 relictis
613 1303 620 1334 t

301 1461 345 1522 Di,
356 1462 445 1524 probos
456 1473 537 1508 mores
545 1457 618 1507 docili
626 1460 742 1518 inventu,

300 1550 343 1610 Di,
355 1548 472 1598 senectuti
482 1547 582 1611 placido
593 1546 697 1607 quietem

302 1641 412 1688 Romulae
422 1639 488 1700 genti
499 1638 554 1702 dape
564 1650 663 1699 remque
672 1635 779 1700 prolem·

430 1741 486 1788 que,
498 1734 523 1774 et
533 1725 605 1774 decus
617 1738 701 1772 omne.

303 1899 398 1961 Quique
408 1911 451 1946 vos
461 1897 539 1944 bubus
550 1873 679 1944 veneratur
690 1893 752 1942 albis

304 1987 391 2036 Clarus
401 1983 515 2033 Anchisae
526 1981 674 2042 Venerisque
685 1978 792 2040 sanguis,

305 2075 419 2136 Imperet,
430 2072 536 2119 bellante
546 2069 614 2130 prior
621 2070 742 2127 jacentem

433 2157 506 2207 Lenis
516 2155 543 2204 in
554 2157 658 2204 bostem.

304 2337 319 2382 J
322 2347 361 2382 arn
373 2331 435 2380 mari
445 2338 557 2391 terraque
568 2340 653 2378 manus
664 2331 775 2387 potentes

305 2421 392 2469 Medus
403 2420 558 2479 Albanasque
568 2415 638 2464 timet
650 2426 759 2462 securesr

305 2511 321 2558 J
323 2523 362 2557 arn
371 2507 464 2570 Scythae
475 2517 592 2567 responsa
602 2507 698 2564 petunt,
710 2497 808 2562 superbi

434 2595 529 2656 Nuper,
541 2599 566 2640 et
576 2589 639 2639 ludi.

305 2774 362 2821 Jam
373 2768 454 2827 Fides,
465 2773 490 2815 et
502 2766 563 2824 Pax,
575 2770 600 2811 et
611 2763 707 2819 Honos,
720 2757 847 2816 Pudorque

307 2857 414 2916 Priscus,
425 2850 450 2903 'et
460 2853 568 2914 neglecta
578 2847 657 2897 redire
666 2845 751 2895 Virtus

308 2943 387 2992 Audet
396 2963 405 3005 ;
422 2946 566 3004 apparetque
577 2937 647 2984 beatu
657 2935 730 2996 pleno

439 3027 515 3089 oopn
525 3039 611 3074 cornu.

921 460 964 506 181
