2396 3866
479 591 509 643 Q.
527 590 665 640 HORATII
682 591 798 638 Funcci

368 715 457 764 Audiet
467 716 529 764 cives
541 717 633 765 acuisse
644 717 746 775 ferrum,

370 804 425 856 Quo
437 809 520 863 graves
531 805 609 851 Persae
622 803 708 852 melius
719 803 838 865 perirent:

370 890 458 938 Audiet
468 905 570 952 pugnes,
581 891 640 939 vitio
651 900 777 954 parentum

497 981 561 1028 Rara
568 981 690 1040 juventus.

370 1155 448 1206 Quem
459 1160 528 1201 vooet
538 1152 619 1200 divum
630 1152 734 1214 populus
746 1150 838 1198 ruentis

371 1240 460 1303 Imperi
472 1242 562 1289 rebus?
582 1253 652 1301 prece
663 1253 711 1301 qua
721 1238 821 1299 fatigent

370 1329 480 1388 Virgines
492 1336 580 1376 sanetae
591 1327 672 1375 minus
684 1327 821 1375 audientem

500 1415 614 1464 Carmina
624 1415 721 1463 Vestam
732 1417 741 1460 ?

374 1587 420 1635 Cui
432 1586 497 1634 dabit
506 1593 586 1648 partes
597 1587 677 1634 scelus
686 1585 798 1649 expiandi

374 1673 505 1736 iuppiter?
523 1674 621 1722 tandem
631 1673 722 1734 venius,
734 1687 870 1736 precamur,

376 1765 446 1812 Nube
457 1763 586 1812 candentes
596 1763 711 1828 humeros
722 1764 834 1824 amictus,

505 1853 589 1912 Augur
601 1852 698 1913 Apollo.
712 1907 717 1914 k

377 2025 433 2075 Sive
442 2033 470 2074 tu
483 2024 568 2084 maris,
580 2025 684 2088 Erycina
695 2025 787 2086 ridens,

300 2127 305 2142 ⁸
378 2116 456 2167 Quam
468 2116 543 2164 Jocus
554 2113 720 2174 circumvolat,
733 2122 758 2164 et
770 2115 877 2177 Cupido:

377 2201 433 2250 Sive
445 2204 580 2263 neglectum
591 2216 665 2262 genus
677 2211 702 2250 et
712 2211 811 2264 nepotes

506 2289 624 2349 Respicis,
636 2296 716 2348 autor,

382 2462 436 2508 Heu
447 2459 520 2508 nimis
531 2462 605 2520 longo
616 2459 701 2509 satiate
711 2458 783 2507 ludo:

383 2549 462 2600 Quem
471 2549 540 2606 Juvat
550 2547 654 2606 clamor,
665 2549 785 2608 galeaeque
796 2549 871 2606 leves,

368 2685 369 2690 ,
381 2634 445 2681 Acer
456 2641 480 2682 et
491 2633 573 2682 Mauri
583 2634 669 2696 peditis
680 2643 807 2684 cruentum

511 2721 599 2769 Vultus
612 2722 637 2768 in
649 2722 752 2772 hostem.

385 2890 440 2943 sive
452 2901 544 2941 mutata
551 2896 664 2954 juvenem
675 2897 761 2956 figura,

385 2979 453 3040 Ales,
465 2979 491 3028 in
502 2982 573 3029 terris
585 2983 697 3042 imitaris,
709 2984 779 3030 alme

387 3067 462 3117 Filius
474 3070 556 3129 Maiae,
568 3071 661 3134 patiens
672 3073 752 3118 vocari

515 3158 616 3206 Caesaris
627 3158 707 3207 ultor:
