<?xml version="1.0" encoding="UTF-8"?>
<!DOCTYPE html PUBLIC "-//W3C//DTD XHTML 1.0 Transitional//EN"
    "http://www.w3.org/TR/xhtml1/DTD/xhtml1-transitional.dtd">
<html xmlns="http://www.w3.org/1999/xhtml" xml:lang="en" lang="en">
 <head>
  <title>
</title>
<meta http-equiv="Content-Type" content="text/html;charset=utf-8" />
  <meta name='ocr-system' content='tesseract 3.04.00' />
  <meta name='ocr-capabilities' content='ocr_page ocr_carea ocr_par ocr_line ocrx_word'/>
</head>
<body>
  <div class='ocr_page' id='page_1' title='image "./opera00gesngoog_0321.png"; bbox 0 0 2400 3898; ppageno 0'>
   <div class='ocr_carea' id='block_1_1' title="bbox 249 493 813 550">
    <p class='ocr_par' dir='ltr' id='par_1_1' title="bbox 249 493 813 550">
     <span class='ocr_line' id='line_1_1' title="bbox 249 493 813 550; baseline -0.014 -2"><span class='ocrx_word' id='word_1_1' title='bbox 249 501 297 548; x_wconf 79' lang='lat' dir='ltr'>alt</span> <span class='ocrx_word' id='word_1_2' title='bbox 445 495 448 500; x_wconf 80' lang='grc'><strong>’</strong></span> <span class='ocrx_word' id='word_1_3' title='bbox 489 499 519 550; x_wconf 84' lang='lat' dir='ltr'>Q.</span> <span class='ocrx_word' id='word_1_4' title='bbox 538 493 678 542; x_wconf 75' lang='lat' dir='ltr'>Hoaarlr</span> <span class='ocrx_word' id='word_1_5' title='bbox 695 493 813 542; x_wconf 78' lang='lat' dir='ltr'>FLACCI</span> 
     </span>
    </p>
   </div>
   <div class='ocr_carea' id='block_1_2' title="bbox 190 619 1024 3156">
    <p class='ocr_par' dir='ltr' id='par_1_2' title="bbox 190 619 1024 3156">
     <span class='ocr_line' id='line_1_2' title="bbox 251 619 955 683; baseline -0.01 -6"><span class='ocrx_word' id='word_1_6' title='bbox 251 626 278 677; x_wconf 88' lang='lat' dir='ltr'>Si</span> <span class='ocrx_word' id='word_1_7' title='bbox 288 634 370 676; x_wconf 78' lang='lat' dir='ltr'>tamen</span> <span class='ocrx_word' id='word_1_8' title='bbox 381 625 503 673; x_wconf 79' lang='lat' dir='ltr'>attentas?</span> <span class='ocrx_word' id='word_1_9' title='bbox 523 620 638 676; x_wconf 80' lang='lat' dir='ltr'>Quereris</span> <span class='ocrx_word' id='word_1_10' title='bbox 650 635 722 683; x_wconf 89' lang='lat' dir='ltr'>super</span> <span class='ocrx_word' id='word_1_11' title='bbox 733 621 780 669; x_wconf 88' lang='lat' dir='ltr'>hoc</span> <span class='ocrx_word' id='word_1_12' title='bbox 791 619 875 682; x_wconf 84' lang='lat' dir='ltr'>etiam,</span> <span class='ocrx_word' id='word_1_13' title='bbox 887 622 955 682; x_wconf 89' lang='lat' dir='ltr'>quod</span> 
     </span>
     <span class='ocr_line' id='line_1_3' title="bbox 249 703 900 777; baseline -0.015 -13"><span class='ocrx_word' id='word_1_14' title='bbox 249 715 393 777; x_wconf 79' lang='lat' dir='ltr'>Exspectata</span> <span class='ocrx_word' id='word_1_15' title='bbox 403 710 447 760; x_wconf 92' lang='lat' dir='ltr'>tibi</span> <span class='ocrx_word' id='word_1_16' title='bbox 458 724 508 758; x_wconf 90' lang='lat' dir='ltr'>non</span> <span class='ocrx_word' id='word_1_17' title='bbox 521 709 616 756; x_wconf 88' lang='lat' dir='ltr'>mittam</span> <span class='ocrx_word' id='word_1_18' title='bbox 628 707 737 756; x_wconf 86' lang='lat' dir='ltr'>carmina</span> <span class='ocrx_word' id='word_1_19' title='bbox 747 708 860 757; x_wconf 83' lang='lat' dir='ltr'>mendax.</span> <span class='ocrx_word' id='word_1_20' title='bbox 897 703 900 708; x_wconf 70' lang='grc'><strong><em>’</em></strong></span> 
     </span>
     <span class='ocr_line' id='line_1_4' title="bbox 250 796 728 852; baseline -0.017 0"><span class='ocrx_word' id='word_1_21' title='bbox 250 800 345 852; x_wconf 81' lang='lat' dir='ltr'>Luculli</span> <span class='ocrx_word' id='word_1_22' title='bbox 353 799 423 848; x_wconf 87' lang='lat' dir='ltr'>miles</span> <span class='ocrx_word' id='word_1_23' title='bbox 434 798 537 846; x_wconf 83' lang='lat' dir='ltr'>collecta</span> <span class='ocrx_word' id='word_1_24' title='bbox 546 797 634 846; x_wconf 84' lang='lat' dir='ltr'>viatica</span> <span class='ocrx_word' id='word_1_25' title='bbox 644 796 728 845; x_wconf 89' lang='lat' dir='ltr'>multis</span> 
     </span>
     <span class='ocr_line' id='line_1_5' title="bbox 250 883 861 947; baseline -0.016 -6"><span class='ocrx_word' id='word_1_26' title='bbox 250 883 387 947; x_wconf 78' lang='lat' dir='ltr'>AErumnis,</span> <span class='ocrx_word' id='word_1_27' title='bbox 399 888 478 935; x_wconf 88' lang='lat' dir='ltr'>lassus</span> <span class='ocrx_word' id='word_1_28' title='bbox 490 886 548 934; x_wconf 94' lang='lat' dir='ltr'>dum</span> <span class='ocrx_word' id='word_1_29' title='bbox 559 894 634 934; x_wconf 88' lang='lat' dir='ltr'>noctu</span> <span class='ocrx_word' id='word_1_30' title='bbox 644 885 734 944; x_wconf 78' lang='lat' dir='ltr'>stertit,</span> <span class='ocrx_word' id='word_1_31' title='bbox 746 883 776 932; x_wconf 88' lang='lat' dir='ltr'>ad</span> <span class='ocrx_word' id='word_1_32' title='bbox 784 897 861 932; x_wconf 86' lang='lat' dir='ltr'>assem</span> 
     </span>
     <span class='ocr_line' id='line_1_6' title="bbox 251 972 1024 1037; baseline -0.005 -12"><span class='ocrx_word' id='word_1_33' title='bbox 251 976 404 1026; x_wconf 78' lang='lat' dir='ltr'>Perdiderat:</span> <span class='ocrx_word' id='word_1_34' title='bbox 422 976 534 1037; x_wconf 88' lang='lat' dir='ltr'>posthoc</span> <span class='ocrx_word' id='word_1_35' title='bbox 546 974 768 1036; x_wconf 81' lang='lat' dir='ltr'>vehemenslupus,</span> <span class='ocrx_word' id='word_1_36' title='bbox 780 980 806 1021; x_wconf 92' lang='lat' dir='ltr'>et</span> <span class='ocrx_word' id='word_1_37' title='bbox 817 972 862 1022; x_wconf 86' lang='lat' dir='ltr'>sibi</span> <span class='ocrx_word' id='word_1_38' title='bbox 874 979 899 1020; x_wconf 88' lang='lat' dir='ltr'>et</span> <span class='ocrx_word' id='word_1_39' title='bbox 909 972 975 1020; x_wconf 79' lang='lat' dir='ltr'>hosti</span> <span class='ocrx_word' id='word_1_40' title='bbox 1018 1013 1024 1021; x_wconf 95' lang='lat'><em>.</em></span> 
     </span>
     <span class='ocr_line' id='line_1_7' title="bbox 251 1062 741 1132; baseline -0.01 -18"><span class='ocrx_word' id='word_1_41' title='bbox 251 1066 329 1114; x_wconf 82' lang='lat' dir='ltr'>Iratus</span> <span class='ocrx_word' id='word_1_42' title='bbox 342 1063 541 1132; x_wconf 77' lang='lat' dir='ltr'>pariter,jejunis</span> <span class='ocrx_word' id='word_1_43' title='bbox 553 1062 664 1110; x_wconf 77' lang='lat' dir='ltr'>dentibus</span> <span class='ocrx_word' id='word_1_44' title='bbox 676 1075 741 1121; x_wconf 88' lang='lat' dir='ltr'>acer,</span> 
     </span>
     <span class='ocr_line' id='line_1_8' title="bbox 252 1149 790 1213; baseline -0.011 -11"><span class='ocrx_word' id='word_1_45' title='bbox 252 1152 396 1202; x_wconf 71' lang='lat' dir='ltr'>Presidium</span> <span class='ocrx_word' id='word_1_46' title='bbox 408 1153 488 1213; x_wconf 77' lang='lat' dir='ltr'>regale</span> <span class='ocrx_word' id='word_1_47' title='bbox 498 1153 553 1199; x_wconf 91' lang='lat' dir='ltr'>loco</span> <span class='ocrx_word' id='word_1_48' title='bbox 564 1151 660 1211; x_wconf 74' lang='lat' dir='ltr'>deJacit,</span> <span class='ocrx_word' id='word_1_49' title='bbox 672 1157 700 1198; x_wconf 89' lang='lat' dir='ltr'>nt</span> <span class='ocrx_word' id='word_1_50' title='bbox 712 1149 790 1211; x_wconf 90' lang='lat' dir='ltr'>aiunt,</span> 
     </span>
     <span class='ocr_line' id='line_1_9' title="bbox 252 1238 833 1300; baseline -0.01 -9"><span class='ocrx_word' id='word_1_51' title='bbox 252 1243 351 1291; x_wconf 87' lang='lat' dir='ltr'>Summe</span> <span class='ocrx_word' id='word_1_52' title='bbox 362 1240 469 1300; x_wconf 77' lang='lat' dir='ltr'>munite,</span> <span class='ocrx_word' id='word_1_53' title='bbox 481 1247 506 1288; x_wconf 89' lang='lat' dir='ltr'>et</span> <span class='ocrx_word' id='word_1_54' title='bbox 513 1241 646 1288; x_wconf 80' lang='lat' dir='ltr'>multarum</span> <span class='ocrx_word' id='word_1_55' title='bbox 658 1238 731 1287; x_wconf 83' lang='lat' dir='ltr'>divite</span> <span class='ocrx_word' id='word_1_56' title='bbox 742 1252 833 1286; x_wconf 91' lang='lat' dir='ltr'>rerum.</span> 
     </span>
     <span class='ocr_line' id='line_1_10' title="bbox 254 1326 854 1388; baseline -0.007 -10"><span class='ocrx_word' id='word_1_57' title='bbox 254 1330 342 1379; x_wconf 75' lang='lat' dir='ltr'>clatus</span> <span class='ocrx_word' id='word_1_58' title='bbox 350 1331 382 1377; x_wconf 91' lang='lat' dir='ltr'>ob</span> <span class='ocrx_word' id='word_1_59' title='bbox 390 1329 414 1377; x_wconf 90' lang='lat' dir='ltr'>id</span> <span class='ocrx_word' id='word_1_60' title='bbox 423 1331 523 1388; x_wconf 85' lang='lat' dir='ltr'>factum,</span> <span class='ocrx_word' id='word_1_61' title='bbox 536 1328 607 1376; x_wconf 87' lang='lat' dir='ltr'>donis</span> <span class='ocrx_word' id='word_1_62' title='bbox 617 1335 719 1376; x_wconf 85' lang='lat' dir='ltr'>ornatur</span> <span class='ocrx_word' id='word_1_63' title='bbox 729 1326 854 1387; x_wconf 84' lang='lat' dir='ltr'>honestis3</span> 
     </span>
     <span class='ocr_line' id='line_1_11' title="bbox 252 1412 855 1479; baseline -0.005 -14"><span class='ocrx_word' id='word_1_64' title='bbox 252 1416 346 1479; x_wconf 89' lang='lat' dir='ltr'>Accipit</span> <span class='ocrx_word' id='word_1_65' title='bbox 356 1424 381 1464; x_wconf 92' lang='lat' dir='ltr'>et</span> <span class='ocrx_word' id='word_1_66' title='bbox 391 1417 429 1464; x_wconf 90' lang='lat' dir='ltr'>bis</span> <span class='ocrx_word' id='word_1_67' title='bbox 439 1416 504 1464; x_wconf 90' lang='lat' dir='ltr'>dena</span> <span class='ocrx_word' id='word_1_68' title='bbox 514 1430 586 1478; x_wconf 83' lang='lat' dir='ltr'>anper</span> <span class='ocrx_word' id='word_1_69' title='bbox 598 1415 707 1464; x_wconf 85' lang='lat' dir='ltr'>sestertia</span> <span class='ocrx_word' id='word_1_70' title='bbox 719 1412 855 1463; x_wconf 82' lang='lat' dir='ltr'>nummtim.</span> 
     </span>
     <span class='ocr_line' id='line_1_12' title="bbox 252 1502 901 1564; baseline -0.006 -12"><span class='ocrx_word' id='word_1_71' title='bbox 252 1505 325 1552; x_wconf 84' lang='lat' dir='ltr'>Forte</span> <span class='ocrx_word' id='word_1_72' title='bbox 336 1503 381 1550; x_wconf 90' lang='lat' dir='ltr'>sub</span> <span class='ocrx_word' id='word_1_73' title='bbox 392 1502 439 1549; x_wconf 92' lang='lat' dir='ltr'>hoc</span> <span class='ocrx_word' id='word_1_74' title='bbox 450 1510 545 1562; x_wconf 85' lang='lat' dir='ltr'>tempus</span> <span class='ocrx_word' id='word_1_75' title='bbox 557 1504 684 1551; x_wconf 81' lang='lat' dir='ltr'>castellum</span> <span class='ocrx_word' id='word_1_76' title='bbox 695 1509 801 1551; x_wconf 86' lang='lat' dir='ltr'>evertere</span> <span class='ocrx_word' id='word_1_77' title='bbox 812 1507 901 1564; x_wconf 74' lang='lat' dir='ltr'>prator</span> 
     </span>
     <span class='ocr_line' id='line_1_13' title="bbox 190 1589 842 1656; baseline 0 -16"><span class='ocrx_word' id='word_1_78' title='bbox 190 1643 197 1656; x_wconf 64' lang='lat'>‚</span> <span class='ocrx_word' id='word_1_79' title='bbox 252 1590 338 1640; x_wconf 87' lang='lat' dir='ltr'>Nescio</span> <span class='ocrx_word' id='word_1_80' title='bbox 350 1590 416 1651; x_wconf 85' lang='lat' dir='ltr'>quod</span> <span class='ocrx_word' id='word_1_81' title='bbox 427 1589 536 1651; x_wconf 87' lang='lat' dir='ltr'>cupiens,</span> <span class='ocrx_word' id='word_1_82' title='bbox 548 1591 643 1640; x_wconf 86' lang='lat' dir='ltr'>hortari</span> <span class='ocrx_word' id='word_1_83' title='bbox 654 1591 727 1654; x_wconf 87' lang='lat' dir='ltr'>eoepit</span> <span class='ocrx_word' id='word_1_84' title='bbox 739 1592 842 1640; x_wconf 89' lang='lat' dir='ltr'>eundem</span> 
     </span>
     <span class='ocr_line' id='line_1_14' title="bbox 252 1678 952 1742; baseline 0 -16"><span class='ocrx_word' id='word_1_85' title='bbox 252 1679 348 1739; x_wconf 82' lang='lat' dir='ltr'>Verbis,</span> <span class='ocrx_word' id='word_1_86' title='bbox 360 1694 413 1740; x_wconf 85' lang='lat' dir='ltr'>quae</span> <span class='ocrx_word' id='word_1_87' title='bbox 425 1678 511 1726; x_wconf 88' lang='lat' dir='ltr'>timido</span> <span class='ocrx_word' id='word_1_88' title='bbox 524 1693 619 1740; x_wconf 89' lang='lat' dir='ltr'>quoque</span> <span class='ocrx_word' id='word_1_89' title='bbox 631 1687 730 1742; x_wconf 79' lang='lat' dir='ltr'><strong>possent</strong></span> <span class='ocrx_word' id='word_1_90' title='bbox 741 1679 827 1730; x_wconf 82' lang='lat' dir='ltr'>addere</span> <span class='ocrx_word' id='word_1_91' title='bbox 837 1687 952 1727; x_wconf 87' lang='lat' dir='ltr'>mentem.</span> 
     </span>
     <span class='ocr_line' id='line_1_15' title="bbox 251 1767 890 1830; baseline 0.005 -17"><span class='ocrx_word' id='word_1_92' title='bbox 251 1768 274 1827; x_wconf 87' lang='lat'>1,</span> <span class='ocrx_word' id='word_1_93' title='bbox 285 1768 359 1827; x_wconf 88' lang='lat' dir='ltr'>bone,</span> <span class='ocrx_word' id='word_1_94' title='bbox 371 1782 419 1829; x_wconf 89' lang='lat' dir='ltr'>quo</span> <span class='ocrx_word' id='word_1_95' title='bbox 430 1768 507 1816; x_wconf 88' lang='lat' dir='ltr'>virtus</span> <span class='ocrx_word' id='word_1_96' title='bbox 519 1776 561 1816; x_wconf 90' lang='lat' dir='ltr'>tua</span> <span class='ocrx_word' id='word_1_97' title='bbox 572 1778 596 1816; x_wconf 86' lang='lat' dir='ltr'>te</span> <span class='ocrx_word' id='word_1_98' title='bbox 607 1776 676 1817; x_wconf 84' lang='lat' dir='ltr'>vocat</span> <span class='ocrx_word' id='word_1_99' title='bbox 683 1789 692 1830; x_wconf 90' lang='lat'>;</span> <span class='ocrx_word' id='word_1_100' title='bbox 709 1769 718 1816; x_wconf 94' lang='lat' dir='ltr'>i</span> <span class='ocrx_word' id='word_1_101' title='bbox 729 1767 789 1830; x_wconf 87' lang='lat' dir='ltr'>pede</span> <span class='ocrx_word' id='word_1_102' title='bbox 801 1768 890 1828; x_wconf 80' lang='lat' dir='ltr'>fausto,</span> 
     </span>
     <span class='ocr_line' id='line_1_16' title="bbox 253 1856 896 1919; baseline 0 -14"><span class='ocrx_word' id='word_1_103' title='bbox 253 1856 361 1906; x_wconf 80' lang='lat' dir='ltr'>Grandia</span> <span class='ocrx_word' id='word_1_104' title='bbox 371 1858 465 1905; x_wconf 83' lang='lat' dir='ltr'>laturus</span> <span class='ocrx_word' id='word_1_105' title='bbox 475 1858 618 1905; x_wconf 82' lang='lat' dir='ltr'>meritorum</span> <span class='ocrx_word' id='word_1_106' title='bbox 629 1857 742 1919; x_wconf 85' lang='lat' dir='ltr'>praemia:</span> <span class='ocrx_word' id='word_1_107' title='bbox 759 1856 818 1919; x_wconf 87' lang='lat' dir='ltr'>quid</span> <span class='ocrx_word' id='word_1_108' title='bbox 829 1859 896 1904; x_wconf 86' lang='lat' dir='ltr'>stas?</span> 
     </span>
     <span class='ocr_line' id='line_1_17' title="bbox 252 1944 877 2006; baseline 0.002 -14"><span class='ocrx_word' id='word_1_109' title='bbox 252 1947 311 1993; x_wconf 86' lang='lat' dir='ltr'>Post</span> <span class='ocrx_word' id='word_1_110' title='bbox 322 1945 373 1993; x_wconf 82' lang='lat' dir='ltr'>haec</span> <span class='ocrx_word' id='word_1_111' title='bbox 385 1944 427 1994; x_wconf 89' lang='lat' dir='ltr'>ille</span> <span class='ocrx_word' id='word_1_112' title='bbox 439 1954 516 2005; x_wconf 83' lang='lat' dir='ltr'>catus,</span> <span class='ocrx_word' id='word_1_113' title='bbox 528 1945 682 2006; x_wconf 80' lang='lat' dir='ltr'>quantumvis</span> <span class='ocrx_word' id='word_1_114' title='bbox 694 1945 809 2006; x_wconf 87' lang='lat' dir='ltr'>rusticus,</span> <span class='ocrx_word' id='word_1_115' title='bbox 820 1945 877 2004; x_wconf 84' lang='lat' dir='ltr'>ibit,</span> 
     </span>
     <span class='ocr_line' id='line_1_18' title="bbox 253 2032 831 2094; baseline 0.007 -16"><span class='ocrx_word' id='word_1_116' title='bbox 253 2032 300 2080; x_wconf 86' lang='lat' dir='ltr'>ibit</span> <span class='ocrx_word' id='word_1_117' title='bbox 311 2045 340 2080; x_wconf 88' lang='lat' dir='ltr'>eo</span> <span class='ocrx_word' id='word_1_118' title='bbox 351 2046 399 2093; x_wconf 91' lang='lat' dir='ltr'>quo</span> <span class='ocrx_word' id='word_1_119' title='bbox 410 2032 456 2092; x_wconf 83' lang='lat' dir='ltr'>vis,</span> <span class='ocrx_word' id='word_1_120' title='bbox 468 2033 510 2093; x_wconf 84' lang='lat' dir='ltr'>qui</span> <span class='ocrx_word' id='word_1_121' title='bbox 521 2047 607 2081; x_wconf 86' lang='lat' dir='ltr'>zonam</span> <span class='ocrx_word' id='word_1_122' title='bbox 618 2033 733 2094; x_wconf 83' lang='lat' dir='ltr'>perdidit,</span> <span class='ocrx_word' id='word_1_123' title='bbox 745 2033 831 2094; x_wconf 87' lang='lat' dir='ltr'>inquit.</span> 
     </span>
     <span class='ocr_line' id='line_1_19' title="bbox 253 2121 807 2184; baseline 0.005 -16"><span class='ocrx_word' id='word_1_124' title='bbox 253 2122 336 2168; x_wconf 77' lang='lat' dir='ltr'>Roma</span> <span class='ocrx_word' id='word_1_125' title='bbox 349 2121 436 2169; x_wconf 88' lang='lat' dir='ltr'>nutriri</span> <span class='ocrx_word' id='word_1_126' title='bbox 449 2121 508 2169; x_wconf 88' lang='lat' dir='ltr'>mihi</span> <span class='ocrx_word' id='word_1_127' title='bbox 520 2122 630 2183; x_wconf 82' lang='lat' dir='ltr'>contigit,</span> <span class='ocrx_word' id='word_1_128' title='bbox 643 2130 714 2184; x_wconf 86' lang='lat' dir='ltr'>atque</span> <span class='ocrx_word' id='word_1_129' title='bbox 726 2122 807 2172; x_wconf 87' lang='lat' dir='ltr'>doceri</span> 
     </span>
     <span class='ocr_line' id='line_1_20' title="bbox 253 2211 814 2272; baseline 0.004 -14"><span class='ocrx_word' id='word_1_130' title='bbox 253 2211 331 2259; x_wconf 88' lang='lat' dir='ltr'>iratus</span> <span class='ocrx_word' id='word_1_131' title='bbox 343 2211 424 2260; x_wconf 84' lang='lat' dir='ltr'>Graiis</span> <span class='ocrx_word' id='word_1_132' title='bbox 436 2219 552 2272; x_wconf 89' lang='lat' dir='ltr'>quantum</span> <span class='ocrx_word' id='word_1_133' title='bbox 565 2212 687 2260; x_wconf 82' lang='lat' dir='ltr'>nocuisset</span> <span class='ocrx_word' id='word_1_134' title='bbox 697 2211 814 2260; x_wconf 84' lang='lat' dir='ltr'>Achilles.</span> 
     </span>
     <span class='ocr_line' id='line_1_21' title="bbox 253 2298 803 2364; baseline 0.004 -17"><span class='ocrx_word' id='word_1_135' title='bbox 253 2298 368 2360; x_wconf 85' lang='lat' dir='ltr'>Adjecere</span> <span class='ocrx_word' id='word_1_136' title='bbox 379 2301 450 2348; x_wconf 76' lang='lat' dir='ltr'>bona</span> <span class='ocrx_word' id='word_1_137' title='bbox 463 2302 535 2364; x_wconf 86' lang='lat' dir='ltr'>paulo</span> <span class='ocrx_word' id='word_1_138' title='bbox 546 2302 601 2363; x_wconf 91' lang='lat' dir='ltr'>plns</span> <span class='ocrx_word' id='word_1_139' title='bbox 613 2301 672 2349; x_wconf 87' lang='lat' dir='ltr'>artis</span> <span class='ocrx_word' id='word_1_140' title='bbox 683 2301 803 2363; x_wconf 79' lang='lat' dir='ltr'>Athenae3</span> 
     </span>
     <span class='ocr_line' id='line_1_22' title="bbox 253 2385 944 2449; baseline 0.016 -16"><span class='ocrx_word' id='word_1_141' title='bbox 253 2385 350 2434; x_wconf 74' lang='lat' dir='ltr'>Scilicet</span> <span class='ocrx_word' id='word_1_142' title='bbox 359 2393 389 2434; x_wconf 91' lang='lat' dir='ltr'>ut</span> <span class='ocrx_word' id='word_1_143' title='bbox 399 2401 495 2449; x_wconf 88' lang='lat' dir='ltr'>possem</span> <span class='ocrx_word' id='word_1_144' title='bbox 506 2403 579 2436; x_wconf 87' lang='lat' dir='ltr'>curvo</span> <span class='ocrx_word' id='word_1_145' title='bbox 592 2388 731 2449; x_wconf 75' lang='lat' dir='ltr'>dignoscere</span> <span class='ocrx_word' id='word_1_146' title='bbox 742 2397 844 2449; x_wconf 86' lang='lat' dir='ltr'>rectum,</span> <span class='ocrx_word' id='word_1_147' title='bbox 943 2439 944 2444; x_wconf 75' lang='grc'>,</span> 
     </span>
     <span class='ocr_line' id='line_1_23' title="bbox 255 2473 841 2539; baseline 0.01 -19"><span class='ocrx_word' id='word_1_148' title='bbox 255 2475 335 2534; x_wconf 85' lang='lat' dir='ltr'>Atque</span> <span class='ocrx_word' id='word_1_149' title='bbox 345 2473 409 2522; x_wconf 86' lang='lat' dir='ltr'>inter</span> <span class='ocrx_word' id='word_1_150' title='bbox 421 2475 492 2524; x_wconf 87' lang='lat' dir='ltr'>silvas</span> <span class='ocrx_word' id='word_1_151' title='bbox 504 2476 618 2525; x_wconf 87' lang='lat' dir='ltr'>Academi</span> <span class='ocrx_word' id='word_1_152' title='bbox 631 2492 740 2539; x_wconf 81' lang='lat' dir='ltr'>quaerere</span> <span class='ocrx_word' id='word_1_153' title='bbox 750 2491 841 2526; x_wconf 85' lang='lat' dir='ltr'>verum.</span> 
     </span>
     <span class='ocr_line' id='line_1_24' title="bbox 254 2561 828 2630; baseline 0.012 -22"><span class='ocrx_word' id='word_1_154' title='bbox 254 2561 322 2609; x_wconf 90' lang='lat' dir='ltr'>Dura</span> <span class='ocrx_word' id='word_1_155' title='bbox 332 2561 374 2609; x_wconf 84' lang='lat' dir='ltr'>sed</span> <span class='ocrx_word' id='word_1_156' title='bbox 385 2576 497 2612; x_wconf 86' lang='lat' dir='ltr'>emovere</span> <span class='ocrx_word' id='word_1_157' title='bbox 507 2565 562 2612; x_wconf 89' lang='lat' dir='ltr'>loco</span> <span class='ocrx_word' id='word_1_158' title='bbox 571 2580 610 2614; x_wconf 90' lang='lat' dir='ltr'>me</span> <span class='ocrx_word' id='word_1_159' title='bbox 621 2575 732 2630; x_wconf 86' lang='lat' dir='ltr'>tempora</span> <span class='ocrx_word' id='word_1_160' title='bbox 742 2574 810 2626; x_wconf 82' lang='lat' dir='ltr'>grato</span> <span class='ocrx_word' id='word_1_161' title='bbox 821 2586 828 2626; x_wconf 88' lang='lat'>;</span> 
     </span>
     <span class='ocr_line' id='line_1_25' title="bbox 254 2649 830 2714; baseline 0.007 -16"><span class='ocrx_word' id='word_1_162' title='bbox 254 2649 385 2712; x_wconf 83' lang='lat' dir='ltr'>Civilisque</span> <span class='ocrx_word' id='word_1_163' title='bbox 397 2651 482 2700; x_wconf 87' lang='lat' dir='ltr'>rudem</span> <span class='ocrx_word' id='word_1_164' title='bbox 492 2652 551 2701; x_wconf 91' lang='lat' dir='ltr'>belli</span> <span class='ocrx_word' id='word_1_165' title='bbox 561 2654 619 2702; x_wconf 87' lang='lat' dir='ltr'>tulit</span> <span class='ocrx_word' id='word_1_166' title='bbox 630 2664 704 2704; x_wconf 85' lang='lat' dir='ltr'>aestus</span> <span class='ocrx_word' id='word_1_167' title='bbox 715 2653 741 2702; x_wconf 91' lang='lat' dir='ltr'>in</span> <span class='ocrx_word' id='word_1_168' title='bbox 753 2667 830 2714; x_wconf 86' lang='lat' dir='ltr'>arma,</span> 
     </span>
     <span class='ocr_line' id='line_1_26' title="bbox 255 2739 806 2805; baseline 0.007 -18"><span class='ocrx_word' id='word_1_169' title='bbox 255 2739 357 2788; x_wconf 83' lang='lat' dir='ltr'>Caesaris</span> <span class='ocrx_word' id='word_1_170' title='bbox 369 2741 472 2802; x_wconf 82' lang='lat' dir='ltr'>Augusti</span> <span class='ocrx_word' id='word_1_171' title='bbox 483 2757 533 2790; x_wconf 92' lang='lat' dir='ltr'>non</span> <span class='ocrx_word' id='word_1_172' title='bbox 545 2756 691 2805; x_wconf 88' lang='lat' dir='ltr'>responsura</span> <span class='ocrx_word' id='word_1_173' title='bbox 702 2742 806 2792; x_wconf 88' lang='lat' dir='ltr'>lacertis.</span> 
     </span>
     <span class='ocr_line' id='line_1_27' title="bbox 255 2826 837 2892; baseline 0.002 -15"><span class='ocrx_word' id='word_1_174' title='bbox 255 2828 327 2878; x_wconf 87' lang='lat' dir='ltr'>Unde</span> <span class='ocrx_word' id='word_1_175' title='bbox 339 2826 412 2877; x_wconf 86' lang='lat' dir='ltr'>simul</span> <span class='ocrx_word' id='word_1_176' title='bbox 424 2829 530 2892; x_wconf 82' lang='lat' dir='ltr'>primum</span> <span class='ocrx_word' id='word_1_177' title='bbox 542 2845 582 2878; x_wconf 91' lang='lat' dir='ltr'>me</span> <span class='ocrx_word' id='word_1_178' title='bbox 593 2830 707 2879; x_wconf 83' lang='lat' dir='ltr'>dimisere</span> <span class='ocrx_word' id='word_1_179' title='bbox 719 2829 837 2892; x_wconf 86' lang='lat' dir='ltr'>Philippi,</span> 
     </span>
     <span class='ocr_line' id='line_1_28' title="bbox 254 2915 846 2983; baseline 0.003 -21"><span class='ocrx_word' id='word_1_180' title='bbox 254 2915 346 2970; x_wconf 87' lang='lat' dir='ltr'>Decisis</span> <span class='ocrx_word' id='word_1_181' title='bbox 357 2915 475 2964; x_wconf 89' lang='lat' dir='ltr'>humilem</span> <span class='ocrx_word' id='word_1_182' title='bbox 486 2918 582 2980; x_wconf 88' lang='lat' dir='ltr'>pennis,</span> <span class='ocrx_word' id='word_1_183' title='bbox 595 2918 739 2983; x_wconf 77' lang='lat' dir='ltr'>inapemque</span> <span class='ocrx_word' id='word_1_184' title='bbox 751 2916 846 2980; x_wconf 87' lang='lat' dir='ltr'>paterni</span> 
     </span>
     <span class='ocr_line' id='line_1_29' title="bbox 254 3002 820 3068; baseline 0.007 -18"><span class='ocrx_word' id='word_1_185' title='bbox 254 3005 286 3051; x_wconf 86' lang='lat' dir='ltr'>Et</span> <span class='ocrx_word' id='word_1_186' title='bbox 295 3002 355 3052; x_wconf 87' lang='lat' dir='ltr'>laris</span> <span class='ocrx_word' id='word_1_187' title='bbox 365 3011 390 3052; x_wconf 91' lang='lat' dir='ltr'>et</span> <span class='ocrx_word' id='word_1_188' title='bbox 402 3005 481 3065; x_wconf 76' lang='lat' dir='ltr'>fundi,</span> <span class='ocrx_word' id='word_1_189' title='bbox 492 3013 620 3068; x_wconf 83' lang='lat' dir='ltr'>paupertas</span> <span class='ocrx_word' id='word_1_190' title='bbox 632 3006 729 3067; x_wconf 86' lang='lat' dir='ltr'>impulit</span> <span class='ocrx_word' id='word_1_191' title='bbox 739 3005 820 3055; x_wconf 87' lang='lat' dir='ltr'>audax</span> 
     </span>
     <span class='ocr_line' id='line_1_30' title="bbox 235 3093 942 3156; baseline 0.001 -16"><span class='ocrx_word' id='word_1_192' title='bbox 235 3141 240 3148; x_wconf 78' lang='grc'>,</span> <span class='ocrx_word' id='word_1_193' title='bbox 254 3093 290 3140; x_wconf 89' lang='lat' dir='ltr'>Ut</span> <span class='ocrx_word' id='word_1_194' title='bbox 300 3106 383 3140; x_wconf 87' lang='lat' dir='ltr'>versus</span> <span class='ocrx_word' id='word_1_195' title='bbox 395 3093 512 3142; x_wconf 78' lang='lat' dir='ltr'>facerem:</span> <span class='ocrx_word' id='word_1_196' title='bbox 525 3095 578 3156; x_wconf 89' lang='lat' dir='ltr'>sed,</span> <span class='ocrx_word' id='word_1_197' title='bbox 590 3094 655 3156; x_wconf 91' lang='lat' dir='ltr'>quod</span> <span class='ocrx_word' id='word_1_198' title='bbox 667 3109 716 3142; x_wconf 93' lang='lat' dir='ltr'>non</span> <span class='ocrx_word' id='word_1_199' title='bbox 729 3094 803 3155; x_wconf 87' lang='lat' dir='ltr'>desit,</span> <span class='ocrx_word' id='word_1_200' title='bbox 813 3095 942 3144; x_wconf 83' lang='lat' dir='ltr'>habentem</span> 
     </span>
    </p>
   </div>
   <div class='ocr_carea' id='block_1_3' title="bbox 0 0 1211 3898">
    <p class='ocr_par' dir='ltr' id='par_1_3' title="bbox 0 0 1211 3898">
     <span class='ocr_line' id='line_1_31' title="bbox 0 0 1211 3898; baseline 0 0"><span class='ocrx_word' id='word_1_201' title='bbox 0 0 1211 3898; x_wconf 95' lang='lat' dir='ltr'> </span> 
     </span>
    </p>
   </div>
  </div>
 </body>
</html>
