2438 3860
472 468 610 520 EPODON
627 471 731 519 LIBER.
958 476 1001 523 167

302 602 425 649 Contrane
434 598 529 647 lucrum
540 599 576 648 nil
586 601 666 649 valere
675 599 804 649 candidum
822 643 826 648 ,

333 686 448 749 Pauperis
458 686 581 748 ingenium
593 691 598 736 Ε
618 689 735 748 querebar
745 690 874 760 applorans
885 689 929 738 tibi
938 710 947 751 ;

300 775 378 824 Simul
388 776 488 824 orientis
499 777 673 824 inverecundus
684 777 749 824 Deus

333 862 473 911 Fervidiora
484 877 552 912 mero
563 877 650 912 arcena
660 874 784 926 promorat
794 866 857 914 loco.

302 951 373 1005 Quod
384 951 476 1000 simois
488 952 600 1000 inaestuat
608 952 745 1014 praecordiis

332 1041 420 1088 Libera
430 1040 496 1099 bilis,
508 1048 535 1088 ut
545 1041 597 1088 lraee
608 1041 702 1101 ingrata
712 1041 790 1089 ventis
801 1041 890 1090 dividat

301 1131 428 1189 Fomenta,
438 1132 526 1178 vulnus
537 1130 573 1178 nil
584 1132 676 1178 malum
687 1131 791 1179 levantia
802 1151 809 1192 ;

334 1217 434 1266 Desinet
444 1218 576 1279 imparibus
586 1225 678 1265 certare
690 1225 826 1266 summotus
838 1217 923 1281 pudor.

303 1303 353 1353 Ubi
363 1304 414 1352 haec
425 1318 521 1352 severus
532 1312 557 1351 te
567 1305 646 1366 palam
654 1304 817 1364 laudaveram,

334 1396 422 1443 Jussus
433 1392 500 1442 abire
510 1393 620 1453 domum,
632 1393 726 1441 ferebar
737 1393 829 1442 incerto
839 1393 899 1456 pede

303 1480 342 1529 Ad
353 1496 403 1530 nou
414 1480 504 1529 amicos
520 1481 577 1544 (beu
587 1478 605 1541 l)
621 1479 682 1528 mihi
693 1487 784 1542 postes,
796 1489 821 1528 et
835 1477 920 1543 (licui)
953 1501 960 1515 ·

335 1570 430 1618 Limina
441 1571 511 1630 dura,
523 1570 609 1632 quibus
620 1571 717 1618 lumbos
728 1578 753 1618 et
763 1569 849 1631 infregi
860 1571 932 1618 latus.

303 1661 384 1720 Nune,
394 1660 521 1721 gloriantis
533 1659 665 1720 quamlibet
676 1659 843 1707 mulierculam

333 1747 436 1796 Vincere
446 1747 560 1807 mollitia,
566 1761 639 1808 ¹amor
650 1746 741 1808 Lycisci
752 1761 791 1794 me
801 1754 885 1808 tenet3

305 1835 376 1884 Unde
387 1834 499 1903 expedire
509 1849 560 1882 non
571 1834 704 1882 amicorum
716 1841 805 1895 queant
885 1877 888 1888 Χ

337 1924 424 1972 Libera
432 1922 544 1982 consilia,
556 1937 601 1970 nec
612 1922 765 1970 contumeliae
776 1935 857 1981 graves
868 1942 876 1983 ;

305 2011 353 2060 Sed
364 2011 425 2059 alius
437 2010 508 2058 ardor
519 2016 561 2057 aut
571 2011 657 2073 puellm
667 2008 785 2068 candide,

338 2100 388 2146 Aut
398 2098 481 2146 teretis
491 2097 569 2160 pueri,
580 2098 678 2157 longam
689 2096 828 2144 renodantis
838 2109 941 2156 concam.

538 2327 605 2376 ODE
623 2329 680 2377 xil,

452 2483 479 2517 ΙΝ
497 2483 572 2518 ANUM
590 2483 770 2520 murmurosam.

275 2603 345 2654 Qum
356 2599 401 2648 tibi
411 2599 457 2660 vis,
469 2599 556 2648 mulier
568 2598 643 2661 nigris
655 2598 795 2660 dignissima
805 2597 902 2646 barris?

306 2691 410 2737 Munera
419 2703 462 2738 cur
473 2687 543 2747 mihi,
554 2687 640 2749 quidve
650 2687 751 2734 tabellas

274 2777 363 2836 Mittis,
375 2791 418 2826 nec
429 2777 501 2824 firmo
509 2776 603 2837 juveni,
614 2790 692 2837 neque
704 2775 769 2824 nuris
780 2776 877 2822 obesae?

308 2866 418 2925 Namque
429 2863 534 2924 sagacius
544 2878 608 2912 unus
619 2863 719 2922 odoror,

277 2943 390 3014 Polupus,
402 2967 432 3001 an
443 2953 521 3013 gravis
532 2953 632 3004 hirsutis
643 2954 714 3001 mrbet
723 2949 805 3000 hircus
816 2949 841 2997 in
853 2948 908 3006 alis,

310 3042 389 3093 Quam
400 3041 465 3089 canis
476 3055 540 3100 acer,
552 3041 594 3090 ubi
604 3042 678 3090 lateat
688 3054 737 3088 sus.
