2400 3898
358 508 595 559 EPISTOLARUM
613 509 676 557 ΗΒ.
693 509 713 557 i.
729 507 781 556 xix.
811 559 814 565 ,
922 511 969 558 299

172 635 238 691 Quid
249 635 343 684 minuat
352 650 432 695 curas,
444 635 502 698 quid
512 643 536 684 te
548 635 592 684 tibi
603 634 687 684 reddat
697 634 822 684 amicum'?

172 723 238 779 Quid
244 738 304 786 pure
314 724 464 784 tranquillet,
476 725 566 784 honos,
577 737 609 772 an
620 723 689 773 dulce
697 725 827 783 lucellum,

170 814 209 860 An
221 820 340 861 secretum
352 812 397 861 iter
409 819 434 860 et
443 813 550 861 fallentis
563 813 648 861 semita
658 813 732 861 vitae?

170 901 213 948 Me
224 899 317 961 quoties
328 897 406 947 reficit
416 899 507 960 gelidus
518 899 631 959 Digentia
642 900 717 959 rivus,

171 989 250 1042 Quem
257 986 372 1036 Mandela
382 986 453 1046 bibit,
465 999 566 1046 rugosus
579 986 668 1047 frigore
680 1001 770 1049 pagus3

171 1073 236 1130 Quid
246 1075 336 1124 sentire
346 1076 435 1137 putas?
455 1072 513 1134 quid
524 1073 612 1133 credis,
623 1074 710 1134 umiae,
719 1075 830 1137 precari?

170 1162 209 1212 Sit
219 1162 279 1210 mihi
290 1161 355 1224 quod
366 1176 431 1209 nunc
442 1169 495 1223 est3
513 1161 586 1209 etiam
597 1162 692 1210 minus:
704 1169 729 1210 et
741 1163 802 1210 mihi
812 1163 891 1211 viram

171 1250 243 1306 Quod
254 1256 363 1312 superest
372 1249 428 1309 avi,
439 1249 460 1297 si
472 1249 529 1310 quid
540 1263 664 1312 superesse
674 1251 760 1298 volunt
770 1249 816 1299 Di:

170 1339 208 1388 Sit
219 1341 284 1388 bona
291 1339 410 1388 librorum
422 1345 447 1386 et
457 1337 559 1400 proviaae
571 1337 646 1398 frugis
658 1338 684 1386 in
696 1351 788 1386 annum

172 1427 264 1490 Copia3
281 1441 329 1475 neu
341 1427 434 1475 fluitem
446 1425 524 1474 dubia
536 1439 579 1488 spe
590 1425 708 1489 pendulus
720 1427 796 1474 horae.

171 1514 219 1565 Sed
230 1515 287 1564 satis
295 1522 333 1563 est
342 1528 412 1563 orare
423 1515 511 1563 dorem
523 1528 577 1575 quae
589 1513 665 1562 donat
675 1521 699 1560 et
710 1513 802 1561 aufert:

170 1607 217 1653 Det
227 1604 312 1665 vitam,
323 1604 363 1652 det
373 1619 445 1668 opes:
462 1618 559 1666 aequum
571 1602 605 1651 mi
615 1601 725 1650 animum
738 1601 789 1663 ipss
798 1601 896 1666 parabo.
910 1597 914 1603 '

443 1892 605 1940 EPISTOLA
627 1893 695 1940 XIX.

457 2061 492 2095 Au
509 2059 687 2095 MECENATEM.

171 2209 267 2256 Prisco
278 2205 401 2266 steteras,
413 2207 534 2255 Maecenas
546 2206 626 2266 docte,
640 2206 751 2266 Cratino,

171 2296 248 2343 Nulla
258 2295 352 2357 placere
362 2294 404 2341 diu
416 2308 460 2342 nec
471 2293 550 2342 vivere
561 2294 669 2344 carmina
679 2301 791 2356 possunt,

171 2385 232 2436 Quae
243 2382 381 2431 scribuntur
392 2395 460 2443 aquae
471 2382 611 2443 potoribus:
628 2390 656 2431 ut
666 2383 730 2449 male
740 2395 812 2430 sanos

170 2468 306 2532 Adscripsit
314 2469 386 2517 Liber
398 2468 490 2531 Satyris
501 2467 637 2528 Faunisque
648 2473 742 2530 potatas,

171 2555 236 2604 Vina
247 2557 298 2604 fere
309 2556 392 2605 dulces
404 2557 520 2604 oluerunt
532 2569 602 2604 mane
614 2556 746 2604 Camoenae.

172 2643 293 2692 Laudibus
305 2644 413 2705 arguitur
424 2644 475 2692 vini
484 2644 583 2693 vinosus
596 2646 731 2692 Homerus:

173 2730 269 2779 Ennius
281 2731 332 2792 ipse
343 2738 410 2793 pater
421 2745 546 2793 nunquam
557 2732 605 2780 nisi
617 2740 689 2793 potus
700 2732 731 2779 ad
742 2745 810 2780 arma

174 2817 292 2866 Prosiluit
302 2818 410 2868 dicenda.
443 2823 462 2846 “
474 2822 563 2868 Forum
575 2820 703 2882 putealque
713 2819 813 2867 Libonis

175 2907 194 2932 “
205 2904 328 2954 Mandabo
341 2905 420 2965 siccis,
432 2907 536 2956 adimam
547 2914 644 2954 eantare
656 2903 772 2954 severis.”

174 2995 228 3042 Hoc
238 2993 312 3042 simul
323 2992 409 3052 edixit,
420 3009 470 3042 uon
481 3008 602 3044 cessavere
613 2991 693 3054 poeltae

174 3085 302 3131 Nocturna
314 3085 407 3130 certare
417 3093 495 3140 mero,
506 3089 590 3144 putere
600 3079 697 3135 diurna
