2432 3874
406 534 598 585 SERMONUM
616 535 678 582 LIB.
696 536 716 582 l.
732 493 761 582 ν.Ι
930 533 977 582 20³

186 661 327 724 Imprudens
338 659 398 710 olim
409 661 494 710 faciam
505 660 604 710 simile?
624 662 682 709 Haec
693 674 737 721 ego
748 674 843 708 mecum

186 749 334 811 Compressis
345 749 408 810 agito
418 748 491 797 labris
501 769 507 796 :
524 748 566 796 nbi
576 747 634 809 quid
644 747 715 796 dutus·
725 746 771 807 oti,

186 835 265 883 llludo
275 835 378 884 chortis:
396 835 442 883 boc
453 842 490 883 est
500 834 659 883 mediocribus
671 833 720 882 illis

185 923 223 970 Ex
233 921 297 970 vitiis
307 937 383 970 unum
392 941 400 983 ς
417 922 456 970 cui
467 921 487 969 si
498 921 628 969 concedere
639 920 713 979 nolis,

182 1009 263 1056 Mults
273 1010 403 1058 Poetarum
413 1008 494 1056 veniat
504 1021 599 1064 monus,
611 1005 703 1054 auxillo
714 1020 768 1066 quse

183 1095 221 1144 Sit
231 1095 291 1143 mibi
306 1096 373 1158 (nom
385 1096 463 1143 multo
474 1096 555 1156 plures
566 1091 659 1154 snmus)
674 1107 702 1142 sc
712 1092 786 1141 veluti
797 1100 821 1140 te

182 1182 262 1232 Judaei
272 1197 384 1244 cogemus
395 1183 422 1231 in
431 1184 494 1231 bunc
504 1181 634 1231 concedere
644 1181 748 1228 oubam.

497 1479 616 1528 SATIRA
632 1480 662 1528 V.

438 1661 498 1696 ms
519 1657 721 1696 BRUNDUSINUM.

181 1805 325 1854 Eoussson
339 1819 427 1868 magno
437 1820 477 1854 me
489 1808 582 1870 excepit
592 1807 674 1856 Aricia
684 1809 762 1856 mma

182 1895 294 1958 Hospitio
304 1893 416 1957 modic03
434 1892 525 1944 Rhetor
536 1909 616 1945 comes
628 1896 785 1956 Heliodorus,

180 1982 318 2030 Graeoorum
331 1982 418 2043 lingum
430 1981 590 2031 doctissimus.
624 1983 683 2031 lnde
695 1984 785 2031 Forum
796 1982 870 2045 Appi,

180 2067 309 2116 Differtum
319 2068 411 2128 nautis,
422 2067 569 2130 cauponibus
580 2075 652 2129 etque
663 2068 782 2129 malignis.

182 2155 235 2202 Hoc
247 2155 293 2202 iter
304 2154 384 2216 ignavi
395 2154 529 2214 divisimus,
541 2154 612 2204 altius
623 2168 650 2203 ac
661 2169 706 2203 nos

181 2241 320 2290 Praecinctis
330 2256 420 2290 unum:
438 2242 518 2292 minus
528 2251 565 2292 est
575 2242 652 2304 gnavis
663 2243 741 2306 Appia
750 2241 833 2291 tardis.

180 2329 227 2380 Hic
237 2343 292 2390 ego,
303 2337 401 2391 propter
411 2343 507 2391 aquam,
518 2331 585 2392 quod
595 2338 646 2379 erat
656 2329 790 2388 teterrima,
801 2327 880 2378 ventri

179 2414 261 2464 lndlco
272 2417 374 2476 bellum,
385 2426 506 2466 coenantes
516 2418 582 2466 haud
591 2417 673 2465 animo
684 2431 752 2478 equo

177 2503 324 2564 Exspectans
334 2503 441 2551 comites.
474 2506 530 2552 Jam
543 2517 593 2552 nox
604 2505 717 2552 inducere
727 2503 799 2553 terris

178 2591 293 2649 Umbros,
306 2597 330 2637 et
340 2591 404 2638 coelo
414 2588 548 2637 dillimdere
558 2590 627 2652 signa
636 2593 734 2653 parebat
744 2611 749 2638 ε

177 2677 241 2722 'lum
252 2675 320 2736 pueri
332 2676 421 2735 nentis,
432 2675 513 2738 pueris
522 2675 630 2726 convicia
639 2683 719 2725 nautae

178 2763 297 2822 ingerere.
330 2764 410 2818 illuc
421 2764 521 2826 appelle.
554 2765 575 2821 ‘l
580 2766 712 2813 'l'recentos
723 2763 826 2824 inserls3
843 2764 905 2811 obe!

177 2850 235 2896 lam
246 2850 303 2898 setis
314 2858 358 2900 est.
391 2853 410 2908 1
416 2853 481 2900 Dum
493 2863 526 2900 es
537 2850 651 2912 exigitur,
663 2851 720 2900 dnm
732 2851 799 2898 mula
809 2849 907 2910 ligatur,

176 2936 241 2984 Tota
250 2935 300 2984 abit
310 2935 384 2985 boras
402 2937 460 2986 moli
470 2937 569 2998 culices,
582 2952 694 3000 ranaeque
705 2938 823 3000 palustres

179 3025 300 3070 Avertunt
310 3034 423 3072 somnos:
440 3026 564 3074 absentem
573 3033 602 3074 ut
611 3032 692 3074 contat
702 3023 804 3072 amicam

178 3111 258 3158 Multa
268 3111 378 3174 prolutus
388 3123 464 3175 vspps
474 3121 557 3173 nsum,
569 3120 641 3174 etque
649 3111 728 3161 viator
