2432 3874
382 519 574 569 SERMONUM
592 521 654 570 [1113.
671 521 703 568 ΙΙ,
714 517 750 568 iii.
925 521 970 567 231

177 645 214 692 Ac
225 651 337 693 venerata
349 647 433 707 Ceres,
444 646 479 695 ita
489 648 570 696 culmo
581 657 690 709 surgeret
700 648 761 707 alto,

178 731 300 794 Explicuit
310 732 367 781 vino
378 743 507 784 connsetae
518 735 581 785 seria
592 736 688 785 frontis.

175 819 273 880 Saeviet,
284 827 356 884 atque
367 837 442 872 novos
454 831 549 872 moveat
560 825 658 873 fortuna
668 826 803 886 tumultus;

177 908 302 961 Quantum
313 909 370 958 hine
381 910 526 960 imminuet?
546 921 636 972 quanto
648 921 690 961 aut
699 927 743 973 ego
754 913 861 975 parcius,
868 921 910 962 aut
920 927 973 974 ros,
1030 897 1034 902 ’

177 996 200 1046 Ο
212 997 291 1059 pueri,
303 997 421 1058 dimittis,
432 1007 460 1048 ut
471 1000 519 1047 huc
531 1013 607 1047 novus
619 999 699 1048 incola
711 1001 793 1050 venit?

178 1087 242 1134 Nam
253 1086 358 1148 proprias
368 1086 463 1134 telluris
475 1087 562 1134 herum
573 1094 659 1135 natura
670 1101 747 1149 neque
758 1089 839 1150 illum,

177 1175 228 1222 Nee
240 1188 289 1234 me,
301 1188 346 1223 nec
357 1161 503 1236 quemquam
515 1175 607 1224 statuit.
640 1178 693 1224 Nos
704 1177 799 1238 expulit
810 1177 869 1238 ille;

179 1263 253 1311 Illum
265 1270 308 1311 aut
318 1263 448 1324 nequities,
460 1271 502 1312 aut
513 1263 575 1312 vafri
585 1263 681 1314 inscitia
688 1265 762 1325 juris,

178 1354 305 1401 Postremo
317 1354 423 1415 expellet
434 1360 499 1402 certe
510 1352 614 1402 vivacior
624 1353 710 1402 haeres.

176 1443 249 1490 Nunc
259 1454 315 1502 ager
327 1440 447 1491 Umbreni
458 1441 503 1490 sub
514 1439 624 1502 nomine,
636 1456 714 1504 nuper
726 1442 803 1491 Ofelli

174 1529 259 1580 Dictus
270 1537 331 1590 erat,
345 1529 408 1579 nulli
419 1529 531 1592 proprius
542 1550 550 1592 3
568 1531 611 1579 sed
622 1530 686 1580 cedit
697 1531 722 1580 iu
734 1545 805 1580 usum

177 1621 248 1668 Nunc
259 1619 330 1680 mihi,
342 1634 408 1668 nunc
419 1620 469 1668 alii.
503 1619 622 1674 Quocirca
632 1619 704 1668 vivite
715 1622 800 1681 fortes,

176 1709 304 1770 Fortiaque
313 1708 419 1758 adversis
430 1710 545 1773 opponite
557 1717 654 1772 pectora
663 1710 743 1757 rebus.

478 1989 597 2040 snmus
619 1988 663 2037 lll.

174 2148 218 2196 Suc
231 2159 287 2195 raro
298 2147 395 2206 scribis,
406 2155 434 2196 ut
446 2155 498 2196 toto
509 2164 560 2198 non
572 2157 655 2212 quater
665 2165 731 2200 anno

171 2236 340 2284 Membranam
352 2250 446 2298 poscas,
458 2237 603 2300 scriptorum
616 2253 716 2301 qumque
727 2245 849 2294 retexens,

133 2362 135 2366 Α
172 2323 251 2372 Iratus
262 2323 317 2384 tibi,
329 2324 394 2384 quod
404 2323 455 2373 vini
467 2325 594 2388 somnique
606 2325 723 2386 benignus

173 2411 217 2460 Nil
229 2412 329 2473 dignum
341 2427 454 2462 sermone
464 2427 544 2463 canas.
578 2415 643 2468 Quid
654 2417 712 2463 fiet?
731 2422 757 2464 at
767 2414 825 2480 ipsis
850 2425 852 2428 ·
938 2440 947 2459 ι

173 2501 341 2550 Saturnalibus
352 2501 399 2550 huc
410 2501 509 2563 fugisti3
528 2502 622 2550 sobrius
633 2517 690 2563 ergo

172 2589 216 2638 Dic
228 2589 319 2651 aliquid
331 2591 431 2652 dignum
443 2591 583 2652 promissis:
600 2590 679 2652 incipe
689 2609 697 2652 ;
719 2589 754 2638 nil
766 2595 810 2638 est.

172 2681 306 2743 culpantur
318 2683 409 2730 frustra
420 2681 517 2742 calaum,
529 2681 713 2742 immeritusque
723 2683 819 2730 laborat

172 2768 243 2817 lratis
254 2777 326 2819 natus
338 2771 417 2833 paries
430 2770 474 2819 Dis
486 2770 557 2832 atqu'e
568 2769 657 2832 poetis.

172 2857 246 2918 Atqui
257 2859 337 2906 vultus
348 2867 401 2908 erat
411 2861 488 2908 multa
498 2867 524 2908 et
534 2860 651 2921 praeclara
661 2853 788 2916 minantis,

173 2943 200 2993 Si
210 2957 312 2992 vacuum
323 2946 405 3007 tepido
415 2947 518 3008 cepisset
528 2946 614 2994 villula
624 2953 697 2994 tecto.

173 3034 298 3085 Quorsum
309 3032 425 3093 pertinuit
436 3032 525 3094 stipare
536 3034 639 3081 Platona
650 3029 804 3079 Menandro?

171 3119 289 3182 Eupolis,
301 3119 486 3180 Archilochum,
496 3121 598 3169 comites
608 3119 711 3168 educere
721 3119 821 3166 tantos?
