2400 3898
245 505 249 512 ’
355 540 549 590 seruorum
566 541 630 590 um.
648 542 680 592 11.
696 541 746 591 vrrs.
897 544 943 592 aar

143 669 172 715 ln
183 665 291 730 pennam
303 667 391 728 fecere,
401 667 523 718 trahentia
533 669 639 731 purveis
650 671 699 720 atri

143 759 268 811 Quantum
280 772 330 807 non
340 757 431 820 Aquilo
443 759 574 822 Campania
585 759 675 810 excitat
685 760 757 822 agris.

143 845 196 894 Noe
208 847 286 908 majus
296 845 377 908 veriti,
389 855 518 910 postquam
529 848 593 898 nihil
604 863 657 898 esse
667 848 752 912 pericli

145 933 282 995 Sensimus,
293 933 418 996 erigimur.
451 936 540 997 liuius,
550 937 631 998 posito
642 937 729 1000 capite,
740 944 769 988 ut
779 938 800 988 si

126 1020 219 1070 lilius
231 1022 375 1072 immaturus
386 1022 487 1084 obisset,
499 1024 565 1073 flere.
599 1024 661 1079 Quis
672 1033 737 1075 esset

143 1109 222 1170 Finis,
234 1109 261 1158 ni
272 1111 368 1173 sapiens
379 1111 415 1160 sic
427 1113 596 1162 Nomentanus
608 1111 712 1162 amicum

143 1198 268 1260 'l'ollerat3
286 1200 352 1259 Heu,
364 1200 487 1250 Fortuna!
506 1200 560 1261 quis
570 1208 608 1250 eat
617 1201 740 1250 crudelior
750 1202 776 1252 in
788 1217 833 1252 nos

144 1286 181 1334 Te
191 1287 277 1334 Deus?
296 1293 325 1335 ut
335 1300 442 1349 semper,
453 1287 542 1348 gnua
554 1287 657 1338 illudere
668 1265 744 1340 rebus'
846 1307 849 1315 ’

145 1374 265 1424 Humanis
277 1377 283 1423 Ε
301 1375 389 1426 Varius
401 1390 488 1440 mappa
501 1391 654 1441 compescere
665 1379 742 1430 risum

143 1461 192 1510 Vix
203 1470 305 1525 poterat.
338 1464 439 1515 Balatro
450 1466 600 1528 suspendens
611 1467 696 1518 omnia
706 1482 778 1530 uaso,

146 1551 204 1600 llaec
215 1559 253 1601 est
262 1552 370 1602 conditio
381 1554 486 1616 vivendi,
498 1555 594 1618 aiebat,
611 1571 689 1620 eoque

143 1640 299 1703 Responsura
308 1649 352 1691 tuo
364 1657 489 1706 nunquam
500 1645 538 1694 est
547 1659 591 1708 par
603 1647 668 1698 fama
678 1648 766 1698 labori.
858 1641 861 1650 ’

143 1729 222 1788 Tene,
234 1737 261 1778 ut
272 1744 317 1791 ego
328 1730 431 1794 accipiar
442 1733 518 1793 laute,
529 1735 666 1794 torquerier
677 1736 745 1785 omni

146 1813 305 1864 Solicitudine
316 1815 452 1865 districtum
462 1820 472 1866 i
492 1833 523 1866 ne
534 1819 603 1881 panis
614 1819 725 1882 adustus,

148 1905 186 1951 Nc
197 1905 262 1952 male
272 1903 397 1953 conditum
405 1907 447 1965 jus
459 1910 611 1968 apponanar?
632 1916 659 1957 ut
669 1922 754 1958 omnes

147 1991 274 2042 Praeoincd
285 2000 350 2042 recte
361 1994 430 2056 pueri
441 1995 563 2057 comtique
574 1995 714 2047 ministrent
724 2000 737 2067 i

145 2079 215 2128 Adde
225 2081 271 2129 hos
283 2091 401 2143 preterea
411 2095 481 2131 casus
491 2103 500 2145 ς
517 2084 595 2132 aulea
605 2093 678 2134 ruant
689 2084 721 2147 si,

146 2170 182 2218 Ut
193 2168 285 2231 modo;
303 2168 324 2216 si
335 2169 443 2232 patinam
454 2171 515 2233 pede
524 2172 607 2234 lapsus
619 2172 714 2234 &angat
724 2185 803 2235 agaso.

147 2257 196 2306 Sed
206 2256 377 2319 convivatoris,
389 2257 426 2307 uti
437 2258 515 2320 ducis,
526 2259 651 2320 ingenium
662 2275 701 2309 res

110 2369 112 2372 ·
145 2346 260 2395 Adversae
271 2346 364 2396 nudare
375 2347 466 2407 solent,
478 2348 556 2396 celare
567 2347 686 2396 secundae.

147 2435 292 2484 Nasidienus
299 2435 335 2484 ad
345 2437 412 2485 haec:
429 2435 485 2485 'libi
497 2435 540 2498 Di,
552 2451 701 2499 quaecunque
711 2437 826 2500 preceris,

149 2523 285 2574 Commoda
295 2524 370 2586 dent;
388 2523 423 2572 ita
433 2523 470 2572 vir
481 2511 561 2573 bonus
571 2539 607 2586 cs,
619 2523 766 2589 convivaque
779 2525 864 2576 eamn.

147 2612 179 2659 lit
194 2612 272 2660 soleas
283 2610 368 2674 poscit.
401 2613 466 2660 Tum
477 2611 503 2660 in
515 2613 578 2661 lecto
589 2628 685 2676 quoque
695 2613 788 2664 videres

149 2697 256 2748 stridere
268 2707 360 2748 secreta
369 2698 459 2748 divisos
471 2713 663 2750 auresusurros.
876 2761 881 2769 Ι

149 2787 168 2846 il
174 2786 263 2834 Nullos
274 2785 313 2834 his
324 2788 424 2836 mallem
435 2787 507 2836 ludos
518 2796 651 2851 spectasse:
670 2788 712 2837 sed
723 2789 778 2837 illa*

150 2869 242 2931 Redde,
253 2883 306 2931 age,
318 2885 371 2932 quae
382 2871 494 2936 deinceps
506 2873 589 2923 risisti.
623 2873 758 2930 illdbidius
771 2874 829 2923 dum

149 2962 244 3018 Quaerit
253 2963 284 3012 de
295 2963 387 3026 pueris,
399 2981 459 3014 num
471 2965 503 3015 sit
514 2981 609 3030 quoque
622 2968 698 3015 fracta
708 2969 804 3028 lagena,

149 3052 221 3108 Quod
232 3050 278 3102 sibi
289 3052 398 3115 poscenti
410 3067 460 3103 non
472 3055 560 3104 dentur
571 3057 674 3118 pocula3
692 3056 799 3119 dumque
874 3092 878 3099 .

149 3140 250 3190 Ridetur
262 3140 324 3190 fictis
337 3154 429 3202 rerum,
441 3142 573 3192 Balatrone
583 3142 707 3206 secund03
