2400 3898
265 591 270 596 ’
332 613 572 666 urrsrounuuru
590 613 653 664 mu.
671 614 690 662 1.
707 613 740 662 vr.
890 608 938 656 275

135 739 167 787 Et
177 752 262 801 genus,
272 747 297 790 et
307 741 412 792 formam
423 743 507 806 reginu‘
518 721 619 808 pecunia
628 742 716 793 donst:

133 830 170 877 Ac
179 830 241 878 bene
252 839 405 881 nummatum
416 831 515 883 denerat
525 833 629 883 Suadela
640 835 778 894 Venusque.
851 815 853 826 ’

134 899 264 982 Meneipiis
274 920 382 982 locuples
391 929 446 982 eget
456 921 511 970 aeris
524 922 694 984 cappadocum
706 933 765 969 rex:

134 1005 172 1054 Ne
183 1006 306 1057 fuerisne
315 1016 351 1058 tu.
385 1008 531 1073 chlamydes
543 1009 674 1070 Lucullus,
684 1015 713 1058 ut
724 1007 803 1068 siunt,

134 1093 162 1143 Si
173 1103 254 1157 posset
263 1103 361 1145 eentum
371 1111 449 1146 scenae
460 1099 568 1162 praebere
579 1105 687 1159 rogatus,

136 1181 185 1237 Qui
195 1197 295 1246 possum
305 1187 361 1233 tot?
380 1185 426 1235 uit:
443 1194 526 1236 temen
537 1195 562 1237 et
572 1201 690 1250 quaeram,
706 1193 731 1235 et
741 1191 801 1248 quot
811 1184 904 1232 habebo

136 1272 249 1323 Mittam:
266 1282 323 1337 post
332 1276 405 1339 paulo
416 1277 510 1338 scribit,
522 1277 568 1327 sibi
579 1277 659 1326 millis
670 1277 777 1340 quinque

135 1364 196 1411 Esse
206 1362 274 1411 domi
285 1363 456 1429 chlamydum
474 1374 579 1430 purtem,
590 1367 628 1415 vel
640 1367 740 1416 tolleret
751 1377 845 1414 omnes.

136 1451 215 1500 Exilis
226 1451 313 1502 domus
324 1459 370 1515 est,
382 1455 425 1503 ubi
437 1471 487 1504 uon
499 1463 524 1505 et
533 1457 612 1506 multu
623 1462 764 1520 supersunt,

136 1541 169 1590 Et
179 1540 307 1590 dominum
318 1542 417 1604 fallunt,
429 1533 680 1608 etprosunt'fnribus.
714 1543 780 1604 Ergo

137 1629 164 1679 Si
176 1632 279 1680 ressolu
288 1639 369 1695 potest
378 1632 457 1682 facere
467 1641 492 1683 et
502 1647 598 1682 servare
608 1634 717 1693 beatium,
875 1617 877 1622 ¹

138 1720 192 1768 Hoc
202 1719 296 1783 primus
307 1728 401 1783 repetas
412 1735 484 1783 opus,
495 1722 543 1770 hoc
553 1730 690 1784 postremus
701 1721 808 1770 omittas.

139 1807 166 1856 Si
177 1808 328 1857 fortunatum
339 1808 429 1871 speeies
440 1817 467 1876 et
475 1810 552 1871 gratis
561 1818 671 1873 praestat,

139 1897 278 1945 Mercemur
288 1911 395 1957 serrum,
408 1896 449 1960 qui
460 1897 535 1947 dictet
544 1897 654 1960 nomine,
667 1898 756 1947 ioerum

140 1984 190 2040 Qui
200 1985 290 2035 fodient
300 1987 374 2047 lutum,
385 1993 410 2035 et
421 1993 491 2048 cogat
501 1995 568 2036 trans
578 1985 688 2050 pondera
700 1986 812 2035 dextram

141 2074 280 2136 Porrigere:
299 2074 345 2123 Hie
357 2075 462 2123 muitum
474 2075 499 2123 in
513 2074 588 2124 Fabiu
597 2074 671 2135 vaiet,
683 2074 726 2123 ille
736 2073 838 2134 Velinu3

132 2163 189 2228 ⁴Cui
198 2163 291 2212 libetis
302 2164 378 2212 fasces
389 2162 466 2224 dubit,
479 2163 617 2227 eripietque
623 2163 710 2212 curule

143 2252 190 2303 Cui
200 2253 266 2302 volet
276 2252 429 2316 importunus
440 2255 515 2303 ebur:
534 2255 629 2315 Frater,
640 2255 724 2314 Pater,
735 2251 813 2314 edde3

94 2341 96 2346 '
144 2343 180 2391 Ut
189 2341 276 2404 cuique
287 2349 324 2390 est
335 2349 403 2402 stas,
416 2341 452 2391 its
462 2357 581 2405 quemque
592 2343 682 2392 facetus
693 2341 789 2405 sdopte.

144 2431 181 2492 Si,
192 2433 253 2480 bene
264 2431 306 2494 qui
319 2438 410 2492 ernust,
421 2433 483 2481 bene
493 2431 570 2494 rivit;
586 2433 661 2492 lueet,
672 2445 756 2480 eamus

144 2522 200 2575 Quo
211 2520 278 2570 ducit
286 2521 356 2583 guis:
374 2519 506 2584 piseemur,
517 2535 634 2570 venemur
647 2539 656 2584 ς
672 2527 702 2571 ut
711 2519 772 2570 olim

145 2609 277 2671 Gargilius,
289 2610 330 2672 qui
341 2623 413 2660 mene
423 2612 516 2673 plagas,
527 2609 657 2671 venabula,
668 2621 751 2658 servos

146 2698 275 2748 Differtum
286 2699 390 2750 transire
401 2700 482 2748 forum
493 2700 659 2763 populumque
667 2698 778 2759 jubebat,

148 2786 219 2836 Unus
231 2795 259 2834 ut
268 2801 283 2834 e
294 2786 378 2836 multis
388 2789 478 2851 populo
489 2795 612 2851 spectante
622 2787 725 2834 referret
762 2829 765 2837 .
864 2797 867 2806 ·

147 2876 247 2923 Emtum
259 2876 341 2924 mulus
352 2889 445 2939 aprum.
480 2875 556 2926 crudi
567 2873 702 2935 tumidique
712 2873 832 2930 lavemur,

148 2962 215 3018 Quid
226 2963 318 3023 decent,
329 2963 387 3025 quid
396 2980 457 3025 non,
468 2964 549 3024 obliti,
563 2962 651 3012 caerire
661 2974 717 3009 nere

148 3051 232 3114 Digni,
244 3051 372 3113 remigium
382 3051 496 3102 vitiosum
507 3050 640 3101 Ithacensis
652 3047 760 3112 Ulyssei,

151 3141 197 3190 Cui
207 3141 288 3203 potior
299 3140 378 3204 patris
387 3140 434 3188 fuit
444 3139 572 3189 interdictu
581 3138 700 3201 voluptas.

151 3228 189 3290 Si,
201 3229 365 3278 Mimnermus
375 3229 412 3278 uti
422 3235 514 3290 censet,
526 3227 668 3276 sineemore
675 3225 786 3289 iocisque
