2400 3898
215 534 263 584 3⁰6
453 531 483 584 Q·
501 529 641 580 Hortatur
660 530 776 580 ruAccr
811 573 813 581 ,

217 661 273 709 Non
285 657 396 720 equidem
407 657 522 718 insector,
534 656 664 708 delendave
675 657 783 708 earmina
794 657 847 705 Livi

216 756 275 804 Esse
287 767 352 815 reor,
365 751 528 816 meminique
541 755 667 816 plagosum
678 752 739 801 mihi
750 766 824 815 parvo

216 843 339 894 Orbilium
349 843 453 907 dictare,
470 843 513 892 sed
523 843 650 893 emendata
659 841 736 890 rideri

215 933 376 995 Pnlchraque,
386 940 412 982 et
421 932 511 982 exactis
522 931 651 980 minimum
663 929 786 988 distantia,
798 929 884 979 miror.
968 981 977 984 ⁸

216 1021 281 1068 lnter
292 1035 346 1084 quae
357 1022 457 1070 verbnm
468 1019 567 1069 emicuit
577 1019 599 1068 si
611 1019 673 1067 sorte
684 1017 810 1079 decorum,
822 1027 847 1066 et

216 1109 242 1158 Si
253 1123 335 1158 versus
345 1110 418 1173 paulo
429 1108 570 1158 concinnior
579 1121 643 1156 unius
654 1114 679 1155 et
689 1107 761 1165 alter,

217 1199 309 1259 lnjuste
320 1205 398 1247 totum
410 1197 477 1247 ducit
485 1197 613 1258 venditque
624 1201 719 1259 poema.

215 1287 331 1349 Indignor
342 1287 473 1349 quidquam
484 1284 636 1349 reprehendi,
649 1298 699 1333 non
711 1284 767 1345 quia
777 1297 855 1334 crasse

216 1375 384 1437 Conpositum
394 1374 520 1437 illepideve
530 1380 639 1436 putetur,
651 1373 693 1422 sed
704 1373 761 1434 quia
771 1388 847 1435 nuper
856 1394 864 1435 ;

216 1465 266 1512 Nec
276 1463 371 1511 veniam
383 1453 499 1524 antiquis,
511 1461 554 1510 sed
565 1447 684 1512 honorem
695 1471 719 1512 et
731 1463 830 1526 praemia
840 1465 916 1525 posci.

215 1552 287 1599 Recte
298 1563 373 1598 necne
383 1563 481 1599 crocum
494 1549 614 1612 doresque
624 1551 774 1614 perambulet
784 1553 848 1600 Attae

215 1639 307 1688 Fabula
317 1638 337 1688 si
348 1637 467 1698 dubitem,
478 1639 584 1688 clament
593 1639 682 1702 periise
691 1639 808 1702 pudorem

215 1728 302 1777 Cuncti
313 1743 382 1792 ptene
392 1735 489 1792 patres;
503 1743 535 1784 ‚ea
546 1744 602 1778 enm
613 1729 788 1791 reprehendere
797 1743 871 1777 coner

215 1816 276 1869 Qua
287 1817 364 1878 gravis
375 1819 491 1880 AEsopus,
502 1833 555 1880 quae
567 1817 651 1868 doetus
662 1817 763 1868 Roscius
772 1817 834 1880 egit:

214 1906 259 1953 Vel
270 1905 327 1966 quia
337 1906 372 1954 nil
384 1913 487 1966 mium,
500 1905 547 1955 nisi
557 1905 622 1968 quod
631 1907 722 1968 placuit
732 1905 788 1967 sibi,
800 1905 908 1968 ducunt;

214 1995 259 2042 Vel
270 1995 327 2056 quia
337 2003 407 2068 turpe
418 2003 504 2057 putant
514 2009 598 2057 parere
609 1995 754 2056 minoribus,
767 2003 856 2057 atquae

214 2083 319 2130 Imberbi
330 2083 443 2142 didicere,
455 2097 526 2134 senes
535 2083 656 2145 perdenda
667 2083 746 2132 fateri.

213 2173 229 2221 J
231 2185 270 2220 am
283 2170 374 2220 Saliare
386 2172 473 2219 Numae
484 2185 582 2218 carmen
593 2171 634 2233 qui
646 2171 738 2231 laudat,
751 2178 776 2220 et
787 2170 849 2220 illud
892 2213 895 2217 .

116 2305 122 2318 ,
215 2258 287 2314 Quod
297 2273 391 2308 mecum
402 2259 506 2319 ignorat,
518 2260 585 2308 solus
595 2260 647 2306 vult
657 2258 718 2308 scire
728 2258 818 2306 videri:

214 2345 319 2406 Ingeniis
330 2360 380 2395 non
392 2347 434 2395 ille
445 2348 508 2396 favet
518 2347 657 2409 plauditque
669 2347 780 2410 sepultis,

214 2431 305 2477 Nostra
316 2431 357 2479 sed
368 2431 501 2492 impugnat,
514 2447 559 2480 nos
571 2440 702 2494 nostraque
713 2432 800 2480 lividus
812 2431 871 2482 odit

214 2516 285 2570 Quod
296 2517 317 2565 si
327 2525 377 2566 tam
389 2517 469 2568 Graiis
480 2519 574 2568 novitas
586 2520 664 2568 invisa
675 2519 760 2568 brisset
895 2578 898 2582 ⁸

214 2607 293 2660 Quam
304 2606 384 2666 nobis,
397 2606 454 2667 quid
465 2620 529 2654 nunc
540 2616 604 2656 esset
612 2611 698 2667 retus?
717 2617 760 2658 aut
770 2607 828 2670 quid
839 2609 938 2658 haberet
978 2653 982 2660 .

146 2752 149 2761 Ι
213 2693 285 2750 Quod
295 2695 384 2756 legeret
394 2702 529 2756 tereretque
539 2695 630 2744 viritim
642 2698 750 2759 publicus
762 2699 839 2759 ursus?
891 2743 894 2748 .

214 2785 250 2833 Ut
260 2784 367 2846 primurn
378 2785 461 2847 positis
472 2784 556 2845 nugari
567 2785 661 2834 Graecia
672 2787 743 2834 bellis

215 2873 304 2942 Coepit,
315 2873 376 2920 etin
387 2874 472 2923 vitium
482 2874 581 2922 fortuna
590 2875 667 2922 labier
680 2887 758 2936 aequa,

211 2961 283 3008 Nunc
293 2961 438 3009 athletarum
450 2961 545 3021 studiis,
557 2975 620 3009 nuno
631 2962 691 3010 arsit
701 2975 833 3024 equorum

213 3046 344 3096 Marmoris
357 3055 398 3096 aut
408 3049 487 3097 eboris
500 3049 580 3098 fabros
592 3056 634 3096 ant
644 3049 699 3098 aeris
710 3050 815 3110 amavit,
872 3097 875 3100 .

151 3198 155 3204 μ
214 3134 344 3198 Suspendit
353 3136 416 3198 picta
427 3121 520 3186 vultum
531 3145 684 3204 mentemque
695 3141 801 3203 tabella,
847 3184 851 3188 .
