2432 3874
380 565 571 618 ssuuouuu
591 572 652 620 mu.
671 575 689 622 1.
707 573 740 623 aa.
766 555 768 562 ⁴
919 584 963 635 193

473 899 592 950 SA'l'lRA
610 905 654 951 Ill.

247 1080 272 1114 ΙΝ
291 1081 504 1122 oamltt'rstoaas
520 1089 554 1122 ΕΤ
570 1087 745 1126 suffucatum
763 1091 885 1131 stoicum.

165 1223 289 1274 omues
300 1227 347 1276 hoe
357 1229 443 1279 vitium
453 1238 490 1280 est
499 1233 648 1297 cantoribus,
660 1233 724 1285 inter
735 1239 825 1290 amisos

163 1313 199 1360 Ut
209 1327 332 1375 nunquam
343 1315 577 1370 inducantanimum
588 1330 686 1372 eantare
698 1326 793 1389 rogati3

165 1401 522 1466 lnjussi'nunquamdesistant.
554 1412 644 1461 Sardus
652 1413 755 1463 habebat

165 1489 210 1537 llle
220 1489 336 1552 Tigellius
348 1494 402 1544 hoe.
436 1498 526 1559 Caesar,
538 1498 579 1560 qui
590 1513 675 1561 eogere
688 1511 781 1572 posset,
805 1566 808 1574 Α

164 1576 190 1624 Si
200 1585 293 1639 peteret
301 1595 344 1643 per
355 1582 484 1633 amicitiam
494 1586 569 1648 patris
581 1595 652 1650 atque
664 1603 743 1650 suam,
755 1605 804 1639 non

164 1664 297 1726 Quicquam
308 1670 448 1730 proficeret:
467 1673 488 1721 sl
497 1674 658 1736 eollibuisset,
670 1677 700 1724 ab
711 1691 757 1726 ovo

165 1752 247 1814 Usque
258 1755 289 1803 ad
300 1757 364 1806 mala
373 1758 468 1818 citaret,
480 1761 507 1808 Io
519 1762 625 1811 Busche!
643 1763 723 1812 modo·
728 1779 824 1814 summa

164 1839 239 1901 Voce,
251 1842 324 1890 modo
333 1843 388 1905 hae,
397 1855 495 1895 resonat
506 1861 559 1908 quse
569 1849 666 1897 chordis
678 1859 791 1911 quattuor
802 1852 858 1902 ima.

165 1925 207 1974 Nil
219 1931 310 1990 {equale
320 1930 414 1980 homini
426 1931 474 1981 luit
483 1933 520 1981 llli
528 1949 540 1981 ι·
552 1949 615 1998 saepe
625 1937 692 1985 velut
702 1939 744 1999 qul

165 2013 283 2064 Currebat
293 2017 386 2077 {lugiens
397 2019 509 2082 hostem3
526 2036 633 2085 persaepe
643 2025 709 2073 velut
720 2025 762 2086 qui

163 2101 269 2152 lunonis
281 2117 349 2152 saera
359 2105 448 2154 ferret:
466 2107 569 2157 habebat
578 2123 641 2171 saepe
652 2110 779 2171 ducentos,

163 2191 232 2252 Saepe
243 2190 325 2240 decem
336 2205 432 2242 servos:
450 2193 523 2243 modo
533 2209 600 2256 reges
611 2203 682 2258 atque
692 2199 823 2248 tetrarchas

166 2278 257 2327 Omnia
267 2293 363 2341 magau,
375 2282 492 2342 loquens:
509 2283 593 2344 modo,
604 2283 642 2332 Sit
652 2283 712 2332 mihi
723 2299 807 2336 measa
817 2287 902 2350 tripes,
913 2299 937 2339 et
1035 2357 1038 2363 .

165 2365 265 2416 Concha
275 2368 332 2416 salis
343 2367 408 2430 puri,
419 2375 444 2416 et
453 2375 509 2429 toga
519 2383 572 2431 quae
583 2368 711 2420 defendere
722 2372 807 2434 fagus,

165 2457 280 2512 Quamvis
291 2470 380 2517 crassa,
391 2465 470 2518 queat.
503 2449 588 2507 Decies
601 2467 702 2508 oentena
712 2458 818 2511 dedisses

165 2546 227 2594 Huic
237 2560 309 2608 pareo
320 2546 401 2608 pausis
412 2553 537 2607 contento,
549 2545 654 2609 quinque
665 2547 748 2597 diebus

165 2633 208 2681 Nil
218 2642 270 2684 erat
280 2635 306 2683 iu
317 2635 417 2684 loculis:
435 2642 517 2684 noctes
527 2635 640 2697 vigilabat
649 2637 680 2685 ad
690 2636 769 2699 ipsum

165 2721 249 2781 Mane,
261 2721 325 2770 diem
335 2729 414 2770 totum
426 2724 555 2784 stertebat;
573 2723 662 2771 nilfuit
671 2719 777 2785 unquam
841 2721 847 2728 '

165 2807 204 2857 Sic
215 2808 292 2871 impar
304 2809 357 2858 sibi.
390 2812 462 2859 Nune
473 2810 559 2872 aliquis
570 2811 633 2860 dicat
644 2811 714 2872 mihi,
727 2811 791 2866 Quid
802 2805 830 2861 tu
840 2816 850 2860 ἓ

165 2896 273 2943 Nullane
282 2896 355 2945 habes
367 2897 442 2946 vitia?
462 2900 514 2947 lmo
526 2899 583 2959 alia,
595 2907 619 2947 et
630 2900 732 2949 fortasse
742 2901 846 2948 minora.

166 2983 271 3032 Meuius
281 2985 403 3033 absentem
412 2986 518 3034 Novium
528 3003 584 3036 eum
595 2996 717 3050 caspeset3
735 2989 801 3036 Heus
811 2992 848 3047 tu,

166 3069 271 3126 Quidam
282 3070 326 3131 ait,
339 3071 434 3132 ignoras
444 3075 487 3122 te?
506 3087 537 3121 an
548 3082 576 3123 ut
585 3074 695 3134 ignotum
707 3073 763 3121 dare
774 3067 843 3122 nobis
874 3091 875 3094 ¹

169 3161 247 3209 Verba
257 3163 343 3224 putas?
378 3161 481 3222 Egomet
490 3160 524 3211 ml
535 3161 643 3223 ignosco,
655 3161 758 3211 Maenius
768 3162 854 3223 inquit.

564 3262 580 3296 ο
