2432 3874
369 549 561 602 sinuosum
584 551 645 603 uin.
664 552 683 598 ι.
700 550 735 598 ur.
798 530 801 536 ’
906 550 950 596 ms

155 676 253 725 Culdior
264 680 319 725 cst?
339 691 404 752 acres
415 678 478 726 inter
489 685 636 726 numeretur.
670 677 774 740 Opinon,

155 768 213 815 Huc
224 781 262 816 res
273 776 297 816 et
305 768 395 830 jungit,
402 771 499 829 junctos
510 776 535 818 et
545 776 624 818 servat
634 766 733 816 amicos.

154 854 188 902 Αι
196 869 241 902 nos
251 855 350 905 virtutes
361 855 423 918 ipsus
434 855 585 916 invertimus,
597 864 668 916 atque

153 940 278 989 Sincerum
289 943 399 1004 cupimus
410 957 451 992 vas
462 944 604 992 incrustare.
638 943 732 991 Probus
743 941 797 1002 quis

155 1028 287 1076 Nobiscum
297 1029 373 1077 vivit?
393 1031 497 1078 multum
508 1037 545 1080 est
555 1029 672 1078 demissus
682 1029 769 1076 bomo:
787 1027 824 1076 illi

154 1116 246 1177 Tarde,
256 1131 389 1176 cognomen
400 1118 482 1180 pingui
493 1118 586 1166 dumus.
620 1117 667 1165 llic
677 1116 739 1177 fugit
748 1127 832 1164 omnes

157 1203 268 1263 Insidias,
280 1204 387 1266 nullique
398 1206 462 1253 mnlo
473 1206 536 1252 latus
548 1204 617 1252 obdit
631 1212 739 1266 apertum
749 1206 759 1250 ?

160 1290 234 1352 (Cum
245 1304 319 1350 genus
329 1291 376 1338 boc
385 1290 449 1339 inter
459 1291 514 1339 vitae
525 1298 641 1349 versetur,
653 1289 695 1337 ubi
705 1289 767 1338 acris

158 1377 260 1438 invidis,
273 1386 343 1440 atque
353 1379 433 1440 vigent
442 1379 483 1428 ubi
494 1377 605 1440 crimina)
620 1393 664 1442 pro
674 1380 736 1427 bene
747 1390 806 1426 sano

154 1467 190 1513 Ac
201 1479 250 1513 non
260 1466 367 1526 incauto,
379 1466 462 1516 lictum
473 1475 624 1528 astutumque
640 1479 760 1515 vocamus.

157 1549 294 1615 Simplicior
304 1553 368 1616 quis,
379 1562 460 1614 otest,
470 1555 566 1616 qualem
577 1569 616 1603 me
627 1568 690 1616 saepe
700 1553 802 1601 libenter

158 1641 293 1690 Obtulerim
304 1641 358 1701 tibi,
369 1643 499 1703 Maecenas,
510 1650 539 1692 ut
548 1643 611 1692 forte
621 1644 740 1704 legentem

157 1729 207 1774 Aut
217 1727 315 1776 ιεεὶιιω
326 1727 434 1792 impellat
444 1729 528 1789 quovis
538 1731 667 1778 sermone?
687 1727 818 1776 molestus!

160 1814 289 1864 Communi
300 1828 371 1862 sensu
381 1816 452 1877 plane
463 1823 537 1874 caret,
549 1815 678 1876 inquimus.
711 1812 781 1862 Eheu

160 1904 239 1956 Quam
249 1910 339 1951 temere
350 1901 375 1950 in
385 1909 480 1951 nosmet
491 1902 569 1961 legem
579 1901 698 1950 sancimus
709 1898 830 1960 iniquam!

160 1991 224 2038 Num
234 1988 297 2038 vitiis
308 2002 380 2038 nemo
391 1988 442 2036 sine
453 1987 557 2036 nascitur
568 2006 573 2034 z
591 1986 696 2048 optimus
706 1985 749 2033 ille
759 1993 806 2043 est,

160 2078 208 2131 Qui
220 2075 326 2123 minimis
336 2083 458 2135 urguetur.
490 2073 590 2122 Amicus
601 2071 687 2131 dulcis,
697 2080 726 2120 ut
736 2087 831 2134 aequum
842 2079 887 2130 est,

161 2165 224 2213 Cum
235 2176 289 2210 mea
298 2169 436 2224 compenset
445 2161 509 2210 vitiis
519 2163 593 2220 bona,
604 2159 712 2223 pluribus
722 2159 787 2208 hisce

164 2250 202 2313 (Si
213 2249 286 2298 modo
296 2251 367 2312 plura
377 2249 437 2298 mihi
447 2250 512 2297 bona
522 2247 587 2310 sunt)
602 2247 715 2296 inclinets
733 2247 808 2296 amori

162 2336 188 2385 Sl
199 2338 264 2385 volet
274 2337 319 2385 bac
329 2338 392 2398 lege,
403 2338 429 2384 in
440 2337 531 2385 trutina
541 2344 645 2398 ponetur
655 2336 748 2384 eudem.

162 2425 221 2483 Qui,
232 2438 263 2472 ne
273 2425 396 2473 tuberibus
406 2424 510 2487 propriis
521 2425 627 2474 offendat
636 2424 751 2484 amicum,

163 2515 281 2573 Postulat,
294 2513 400 2576 ignoscet
409 2515 514 2564 verrucis
524 2515 598 2564 illius.
631 2516 738 2577 AEquum
752 2521 799 2573 cst,

165 2601 267 2650 Penestis
278 2603 373 2651 venium
383 2611 520 2666 poscentem
530 2604 629 2652 reddere
643 2617 734 2652 nrrsus

163 2688 282 2750 Denique,
293 2698 408 2751 quatenus
419 2691 498 2740 excidi
508 2691 603 2754 penitus
613 2691 698 2738 vitium
714 2689 767 2747 irae,

165 2777 257 2825 Caetera
267 2777 326 2824 item
337 2787 458 2840 nequeunt
468 2779 548 2828 stultis
559 2779 689 2826 haemnna:
706 2791 749 2824 cur
760 2789 810 2824 non

165 2862 313 2912 Ponderibus
324 2866 474 2929 modulisque
484 2866 533 2915 suis
544 2866 605 2914 ratio
616 2865 710 2914 utitur?
730 2877 757 2910 uc
768 2875 806 2909 res

166 2951 202 2998 Ut
212 2964 311 3011 quaeque
322 2960 367 3011 est,
380 2952 414 3004 ita
423 2953 545 3016 suppliciis
555 2951 642 3001 delicis
651 2949 766 3000 coiisset?

166 3037 191 3087 Si
203 3038 322 3098 quiscum
333 3053 437 3100 servum,
448 3041 554 3103 patinam
565 3040 605 3102 qui
616 3039 703 3087 tollere
710 3039 791 3096 iussus

164 3127 274 3176 Semesos
286 3126 362 3188 pisces
373 3128 526 3190 tepidumque
536 3128 667 3189 ligurrierit
675 3129 726 3188 jus,
