<?xml version="1.0" encoding="UTF-8"?>
<!DOCTYPE html PUBLIC "-//W3C//DTD XHTML 1.0 Transitional//EN"
    "http://www.w3.org/TR/xhtml1/DTD/xhtml1-transitional.dtd">
<html xmlns="http://www.w3.org/1999/xhtml" xml:lang="en" lang="en">
 <head>
  <title>
</title>
<meta http-equiv="Content-Type" content="text/html;charset=utf-8" />
  <meta name='ocr-system' content='tesseract 3.04.00' />
  <meta name='ocr-capabilities' content='ocr_page ocr_carea ocr_par ocr_line ocrx_word'/>
</head>
<body>
  <div class='ocr_page' id='page_1' title='image "./opera00gesngoog_0285.png"; bbox 0 0 2400 3898; ppageno 0'>
   <div class='ocr_carea' id='block_1_1' title="bbox 271 477 840 533">
    <p class='ocr_par' dir='ltr' id='par_1_1' title="bbox 271 477 840 533">
     <span class='ocr_line' id='line_1_1' title="bbox 271 477 840 533; baseline 0 -5"><span class='ocrx_word' id='word_1_1' title='bbox 271 482 319 532; x_wconf 78' lang='lat'>278</span> <span class='ocrx_word' id='word_1_2' title='bbox 514 480 545 533; x_wconf 80' lang='lat' dir='ltr'>Q·</span> <span class='ocrx_word' id='word_1_3' title='bbox 563 477 704 526; x_wconf 62' lang='lat' dir='ltr'>flottam</span> <span class='ocrx_word' id='word_1_4' title='bbox 721 478 840 528; x_wconf 63' lang='lat' dir='ltr'>Feroci</span> 
     </span>
    </p>
   </div>
   <div class='ocr_carea' id='block_1_2' title="bbox 235 605 1075 3162">
    <p class='ocr_par' dir='ltr' id='par_1_2' title="bbox 235 605 1075 3162">
     <span class='ocr_line' id='line_1_2' title="bbox 235 605 865 669; baseline -0.005 -10"><span class='ocrx_word' id='word_1_5' title='bbox 235 641 237 650; x_wconf 39' lang='lat' dir='ltr'>r</span> <span class='ocrx_word' id='word_1_6' title='bbox 275 609 397 659; x_wconf 80' lang='lat' dir='ltr'>Adrasnm</span> <span class='ocrx_word' id='word_1_7' title='bbox 409 606 528 669; x_wconf 73' lang='lat' dir='ltr'>quendem</span> <span class='ocrx_word' id='word_1_8' title='bbox 536 618 611 656; x_wconf 77' lang='lat' dir='ltr'>vacua</span> <span class='ocrx_word' id='word_1_9' title='bbox 620 605 729 655; x_wconf 86' lang='lat' dir='ltr'>tonsoris</span> <span class='ocrx_word' id='word_1_10' title='bbox 740 606 764 655; x_wconf 89' lang='lat' dir='ltr'>in</span> <span class='ocrx_word' id='word_1_11' title='bbox 777 609 865 656; x_wconf 76' lang='lat' dir='ltr'>umbra</span> 
     </span>
     <span class='ocr_line' id='line_1_3' title="bbox 276 695 868 760; baseline -0.003 -12"><span class='ocrx_word' id='word_1_12' title='bbox 276 697 383 748; x_wconf 85' lang='lat' dir='ltr'>Cultello</span> <span class='ocrx_word' id='word_1_13' title='bbox 393 695 504 760; x_wconf 86' lang='lat' dir='ltr'>proprios</span> <span class='ocrx_word' id='word_1_14' title='bbox 513 702 657 758; x_wconf 70' lang='lat' dir='ltr'><strong>purgantem</strong></span> <span class='ocrx_word' id='word_1_15' title='bbox 668 695 757 744; x_wconf 87' lang='lat' dir='ltr'>leniter</span> <span class='ocrx_word' id='word_1_16' title='bbox 768 710 868 759; x_wconf 77' lang='lat' dir='ltr'>ungnes.</span> 
     </span>
     <span class='ocr_line' id='line_1_4' title="bbox 275 783 844 849; baseline 0 -15"><span class='ocrx_word' id='word_1_17' title='bbox 275 785 384 835; x_wconf 80' lang='lat' dir='ltr'>Demetri</span> <span class='ocrx_word' id='word_1_18' title='bbox 399 785 468 848; x_wconf 89' lang='lat' dir='ltr'>(puer</span> <span class='ocrx_word' id='word_1_19' title='bbox 479 783 579 834; x_wconf 87' lang='lat' dir='ltr'>hicnon</span> <span class='ocrx_word' id='word_1_20' title='bbox 590 783 650 833; x_wconf 84' lang='lat' dir='ltr'>loeve</span> <span class='ocrx_word' id='word_1_21' title='bbox 658 785 727 845; x_wconf 76' lang='lat' dir='ltr'>iussa</span> <span class='ocrx_word' id='word_1_22' title='bbox 739 783 844 849; x_wconf 86' lang='lat' dir='ltr'>Philippi</span> 
     </span>
     <span class='ocr_line' id='line_1_5' title="bbox 276 872 990 938; baseline 0.001 -15"><span class='ocrx_word' id='word_1_23' title='bbox 276 872 424 937; x_wconf 69' lang='lat' dir='ltr'>decipiebat)</span> <span class='ocrx_word' id='word_1_24' title='bbox 438 872 490 934; x_wconf 77' lang='lat' dir='ltr'>abi,</span> <span class='ocrx_word' id='word_1_25' title='bbox 500 887 592 936; x_wconf 72' lang='lat' dir='ltr'>quiere,</span> <span class='ocrx_word' id='word_1_26' title='bbox 603 879 628 922; x_wconf 89' lang='lat' dir='ltr'>et</span> <span class='ocrx_word' id='word_1_27' title='bbox 638 873 719 935; x_wconf 77' lang='lat' dir='ltr'>refer3</span> <span class='ocrx_word' id='word_1_28' title='bbox 735 873 900 937; x_wconf 78' lang='lat' dir='ltr'>undedom03</span> <span class='ocrx_word' id='word_1_29' title='bbox 912 876 970 938; x_wconf 86' lang='lat' dir='ltr'>quis</span> <span class='ocrx_word' id='word_1_30' title='bbox 980 897 990 938; x_wconf 69' lang='grc' dir='ltr'>ς</span> 
     </span>
     <span class='ocr_line' id='line_1_6' title="bbox 277 961 892 1026; baseline -0.002 -13"><span class='ocrx_word' id='word_1_31' title='bbox 277 963 352 1024; x_wconf 71' lang='lat' dir='ltr'>Cuius</span> <span class='ocrx_word' id='word_1_32' title='bbox 364 964 486 1025; x_wconf 77' lang='lat' dir='ltr'>fortnnae3</span> <span class='ocrx_word' id='word_1_33' title='bbox 502 976 551 1025; x_wconf 88' lang='lat' dir='ltr'>quo</span> <span class='ocrx_word' id='word_1_34' title='bbox 562 961 594 1012; x_wconf 87' lang='lat' dir='ltr'>sit</span> <span class='ocrx_word' id='word_1_35' title='bbox 603 971 681 1025; x_wconf 85' lang='lat' dir='ltr'>patre,</span> <span class='ocrx_word' id='word_1_36' title='bbox 694 976 770 1026; x_wconf 86' lang='lat' dir='ltr'>quove</span> <span class='ocrx_word' id='word_1_37' title='bbox 780 971 892 1026; x_wconf 77' lang='lat' dir='ltr'>petrono.</span> 
     </span>
     <span class='ocr_line' id='line_1_7' title="bbox 276 1051 901 1114; baseline 0.002 -12"><span class='ocrx_word' id='word_1_38' title='bbox 276 1054 309 1114; x_wconf 89' lang='lat' dir='ltr'>it,</span> <span class='ocrx_word' id='word_1_39' title='bbox 321 1051 395 1114; x_wconf 85' lang='lat' dir='ltr'>redit,</span> <span class='ocrx_word' id='word_1_40' title='bbox 405 1060 431 1102; x_wconf 88' lang='lat' dir='ltr'>et</span> <span class='ocrx_word' id='word_1_41' title='bbox 440 1059 533 1112; x_wconf 80' lang='lat' dir='ltr'>narrat,</span> <span class='ocrx_word' id='word_1_42' title='bbox 544 1051 669 1101; x_wconf 75' lang='lat' dir='ltr'>Volteium</span> <span class='ocrx_word' id='word_1_43' title='bbox 681 1051 901 1114; x_wconf 64' lang='lat' dir='ltr'>neminemnam,</span> 
     </span>
     <span class='ocr_line' id='line_1_8' title="bbox 278 1140 893 1205; baseline 0 -13"><span class='ocrx_word' id='word_1_44' title='bbox 278 1145 428 1203; x_wconf 70' lang='lat' dir='ltr'>ermen,</span> <span class='ocrx_word' id='word_1_45' title='bbox 439 1143 506 1192; x_wconf 87' lang='lat' dir='ltr'>tenui</span> <span class='ocrx_word' id='word_1_46' title='bbox 518 1154 603 1201; x_wconf 87' lang='lat' dir='ltr'>censu,</span> <span class='ocrx_word' id='word_1_47' title='bbox 615 1140 667 1190; x_wconf 91' lang='lat' dir='ltr'>sine</span> <span class='ocrx_word' id='word_1_48' title='bbox 678 1141 780 1191; x_wconf 85' lang='lat' dir='ltr'>crimine</span> <span class='ocrx_word' id='word_1_49' title='bbox 789 1151 893 1205; x_wconf 77' lang='lat' dir='ltr'>nomm3</span> 
     </span>
     <span class='ocr_line' id='line_1_9' title="bbox 278 1230 921 1296; baseline -0.006 -14"><span class='ocrx_word' id='word_1_50' title='bbox 278 1233 448 1296; x_wconf 64' lang='lat' dir='ltr'>deproperare</span> <span class='ocrx_word' id='word_1_51' title='bbox 458 1230 513 1280; x_wconf 90' lang='lat' dir='ltr'>looo</span> <span class='ocrx_word' id='word_1_52' title='bbox 525 1238 550 1280; x_wconf 89' lang='lat' dir='ltr'>et</span> <span class='ocrx_word' id='word_1_53' title='bbox 558 1243 662 1290; x_wconf 78' lang='lat' dir='ltr'>tessare,</span> <span class='ocrx_word' id='word_1_54' title='bbox 673 1237 699 1279; x_wconf 90' lang='lat' dir='ltr'>et</span> <span class='ocrx_word' id='word_1_55' title='bbox 709 1244 826 1292; x_wconf 82' lang='lat' dir='ltr'>quaerene,</span> <span class='ocrx_word' id='word_1_56' title='bbox 839 1238 863 1279; x_wconf 89' lang='lat' dir='ltr'>et</span> <span class='ocrx_word' id='word_1_57' title='bbox 873 1230 921 1291; x_wconf 88' lang='lat' dir='ltr'>uti,</span> 
     </span>
     <span class='ocr_line' id='line_1_10' title="bbox 279 1319 898 1384; baseline -0.002 -13"><span class='ocrx_word' id='word_1_58' title='bbox 279 1323 430 1372; x_wconf 65' lang='lat' dir='ltr'>Gaudentem</span> <span class='ocrx_word' id='word_1_59' title='bbox 441 1320 568 1384; x_wconf 80' lang='lat' dir='ltr'>parvisque</span> <span class='ocrx_word' id='word_1_60' title='bbox 579 1319 712 1381; x_wconf 75' lang='lat' dir='ltr'>sodalibus,</span> <span class='ocrx_word' id='word_1_61' title='bbox 724 1327 750 1369; x_wconf 89' lang='lat' dir='ltr'>et</span> <span class='ocrx_word' id='word_1_62' title='bbox 759 1321 811 1382; x_wconf 75' lang='lat' dir='ltr'>lore</span> <span class='ocrx_word' id='word_1_63' title='bbox 821 1327 898 1382; x_wconf 86' lang='lat' dir='ltr'>certo,</span> 
     </span>
     <span class='ocr_line' id='line_1_11' title="bbox 279 1407 807 1473; baseline -0.004 -14"><span class='ocrx_word' id='word_1_64' title='bbox 279 1412 311 1459; x_wconf 81' lang='lat' dir='ltr'>iit</span> <span class='ocrx_word' id='word_1_65' title='bbox 320 1409 395 1470; x_wconf 87' lang='lat' dir='ltr'>ludis,</span> <span class='ocrx_word' id='word_1_66' title='bbox 407 1418 432 1458; x_wconf 89' lang='lat' dir='ltr'>et</span> <span class='ocrx_word' id='word_1_67' title='bbox 441 1416 496 1473; x_wconf 92' lang='lat' dir='ltr'>post</span> <span class='ocrx_word' id='word_1_68' title='bbox 506 1408 587 1458; x_wconf 79' lang='lat' dir='ltr'>decisa</span> <span class='ocrx_word' id='word_1_69' title='bbox 598 1407 695 1470; x_wconf 80' lang='lat' dir='ltr'>negotia</span> <span class='ocrx_word' id='word_1_70' title='bbox 706 1409 807 1471; x_wconf 77' lang='lat' dir='ltr'>Campo.</span> 
     </span>
     <span class='ocr_line' id='line_1_12' title="bbox 278 1496 857 1560; baseline 0 -14"><span class='ocrx_word' id='word_1_71' title='bbox 278 1496 365 1546; x_wconf 81' lang='lat' dir='ltr'>Seitnri</span> <span class='ocrx_word' id='word_1_72' title='bbox 376 1496 436 1544; x_wconf 88' lang='lat' dir='ltr'>libet</span> <span class='ocrx_word' id='word_1_73' title='bbox 445 1511 477 1545; x_wconf 86' lang='lat' dir='ltr'>ex</span> <span class='ocrx_word' id='word_1_74' title='bbox 488 1496 540 1559; x_wconf 90' lang='lat' dir='ltr'>ipso</span> <span class='ocrx_word' id='word_1_75' title='bbox 552 1511 701 1560; x_wconf 64' lang='lat' dir='ltr'>qwcunque</span> <span class='ocrx_word' id='word_1_76' title='bbox 711 1499 800 1546; x_wconf 67' lang='lat' dir='ltr'>referte</span> <span class='ocrx_word' id='word_1_77' title='bbox 817 1496 857 1546; x_wconf 88' lang='lat' dir='ltr'>dic</span> 
     </span>
     <span class='ocr_line' id='line_1_13' title="bbox 277 1583 887 1635; baseline 0.002 -1"><span class='ocrx_word' id='word_1_78' title='bbox 277 1585 317 1634; x_wconf 85' lang='lat' dir='ltr'>Ad</span> <span class='ocrx_word' id='word_1_79' title='bbox 327 1598 422 1633; x_wconf 80' lang='lat' dir='ltr'>ooenam</span> <span class='ocrx_word' id='word_1_80' title='bbox 432 1583 520 1633; x_wconf 80' lang='lat' dir='ltr'>veniet.</span> <span class='ocrx_word' id='word_1_81' title='bbox 554 1586 611 1633; x_wconf 92' lang='lat' dir='ltr'>Non</span> <span class='ocrx_word' id='word_1_82' title='bbox 619 1599 678 1634; x_wconf 79' lang='lat' dir='ltr'>sane</span> <span class='ocrx_word' id='word_1_83' title='bbox 690 1585 788 1634; x_wconf 86' lang='lat' dir='ltr'>eredere</span> <span class='ocrx_word' id='word_1_84' title='bbox 798 1587 887 1635; x_wconf 80' lang='lat' dir='ltr'>Mena:</span> 
     </span>
     <span class='ocr_line' id='line_1_14' title="bbox 278 1673 925 1737; baseline 0.002 -13"><span class='ocrx_word' id='word_1_85' title='bbox 278 1674 366 1724; x_wconf 84' lang='lat' dir='ltr'>Mirari</span> <span class='ocrx_word' id='word_1_86' title='bbox 377 1688 458 1724; x_wconf 76' lang='lat' dir='ltr'>seorim</span> <span class='ocrx_word' id='word_1_87' title='bbox 469 1673 565 1723; x_wconf 78' lang='lat' dir='ltr'>tacitus.</span> <span class='ocrx_word' id='word_1_88' title='bbox 598 1674 664 1729; x_wconf 81' lang='lat' dir='ltr'>Quid</span> <span class='ocrx_word' id='word_1_89' title='bbox 675 1675 771 1724; x_wconf 79' lang='lat' dir='ltr'>multe?</span> <span class='ocrx_word' id='word_1_90' title='bbox 806 1675 925 1737; x_wconf 77' lang='lat' dir='ltr'>Benigne,</span> 
     </span>
     <span class='ocr_line' id='line_1_15' title="bbox 279 1761 1075 1828; baseline 0.004 -15"><span class='ocrx_word' id='word_1_91' title='bbox 279 1763 423 1827; x_wconf 79' lang='lat' dir='ltr'>Respondet.</span> <span class='ocrx_word' id='word_1_92' title='bbox 456 1761 475 1820; x_wconf 71' lang='lat' dir='ltr'>i</span> <span class='ocrx_word' id='word_1_93' title='bbox 484 1765 562 1825; x_wconf 77' lang='lat' dir='ltr'>Neget</span> <span class='ocrx_word' id='word_1_94' title='bbox 572 1763 615 1812; x_wconf 90' lang='lat' dir='ltr'>ille</span> <span class='ocrx_word' id='word_1_95' title='bbox 626 1764 707 1813; x_wconf 80' lang='lat' dir='ltr'>mihi?</span> <span class='ocrx_word' id='word_1_96' title='bbox 742 1763 761 1821; x_wconf 77' lang='lat' dir='ltr'>il</span> <span class='ocrx_word' id='word_1_97' title='bbox 772 1767 851 1826; x_wconf 78' lang='lat' dir='ltr'>Negat</span> <span class='ocrx_word' id='word_1_98' title='bbox 861 1764 995 1828; x_wconf 75' lang='lat' dir='ltr'>improbus,</span> <span class='ocrx_word' id='word_1_99' title='bbox 1009 1773 1036 1815; x_wconf 93' lang='lat' dir='ltr'>et</span> <span class='ocrx_word' id='word_1_100' title='bbox 1046 1775 1075 1816; x_wconf 90' lang='lat' dir='ltr'>te</span> 
     </span>
     <span class='ocr_line' id='line_1_16' title="bbox 279 1852 944 1918; baseline 0.003 -16"><span class='ocrx_word' id='word_1_101' title='bbox 279 1853 385 1916; x_wconf 80' lang='lat' dir='ltr'>Negligit</span> <span class='ocrx_word' id='word_1_102' title='bbox 395 1860 438 1902; x_wconf 81' lang='lat' dir='ltr'>sut</span> <span class='ocrx_word' id='word_1_103' title='bbox 446 1854 538 1903; x_wconf 85' lang='lat' dir='ltr'>horret.</span> <span class='ocrx_word' id='word_1_104' title='bbox 572 1852 724 1910; x_wconf 75' lang='lat' dir='ltr'>iiVulteinm</span> <span class='ocrx_word' id='word_1_105' title='bbox 736 1868 807 1904; x_wconf 80' lang='lat' dir='ltr'>mane</span> <span class='ocrx_word' id='word_1_106' title='bbox 819 1854 944 1918; x_wconf 83' lang='lat' dir='ltr'><strong>Philippus</strong></span> 
     </span>
     <span class='ocr_line' id='line_1_17' title="bbox 277 1941 814 2007; baseline -0.002 -15"><span class='ocrx_word' id='word_1_107' title='bbox 277 1943 344 1993; x_wconf 76' lang='lat' dir='ltr'>Vdia</span> <span class='ocrx_word' id='word_1_108' title='bbox 353 1943 496 1992; x_wconf 80' lang='lat' dir='ltr'>vendentem</span> <span class='ocrx_word' id='word_1_109' title='bbox 506 1941 615 1992; x_wconf 77' lang='lat' dir='ltr'>tunicato</span> <span class='ocrx_word' id='word_1_110' title='bbox 626 1949 707 1992; x_wconf 83' lang='lat' dir='ltr'>scruto</span> <span class='ocrx_word' id='word_1_111' title='bbox 717 1943 814 2007; x_wconf 86' lang='lat' dir='ltr'>popello</span> 
     </span>
     <span class='ocr_line' id='line_1_18' title="bbox 279 2013 903 2094; baseline -0.005 -13"><span class='ocrx_word' id='word_1_112' title='bbox 279 2031 397 2094; x_wconf 84' lang='lat' dir='ltr'>Oocupat,</span> <span class='ocrx_word' id='word_1_113' title='bbox 410 2038 434 2079; x_wconf 91' lang='lat' dir='ltr'>et</span> <span class='ocrx_word' id='word_1_114' title='bbox 445 2031 537 2079; x_wconf 79' lang='lat' dir='ltr'>salvere</span> <span class='ocrx_word' id='word_1_115' title='bbox 545 2031 615 2091; x_wconf 88' lang='lat' dir='ltr'>jubet</span> <span class='ocrx_word' id='word_1_116' title='bbox 625 2029 700 2094; x_wconf 89' lang='lat' dir='ltr'>prior.</span> <span class='ocrx_word' id='word_1_117' title='bbox 731 2031 779 2081; x_wconf 89' lang='lat' dir='ltr'>ille</span> <span class='ocrx_word' id='word_1_118' title='bbox 791 2013 903 2094; x_wconf 70' lang='lat' dir='ltr'>Philippo</span> 
     </span>
     <span class='ocr_line' id='line_1_19' title="bbox 278 2105 815 2180; baseline -0.006 -9"><span class='ocrx_word' id='word_1_119' title='bbox 278 2124 401 2171; x_wconf 80' lang='lat' dir='ltr'>Excusare</span> <span class='ocrx_word' id='word_1_120' title='bbox 411 2120 522 2169; x_wconf 84' lang='lat' dir='ltr'>laborem</span> <span class='ocrx_word' id='word_1_121' title='bbox 532 2105 713 2170; x_wconf 81' lang='lat' dir='ltr'>etmercenaris</span> <span class='ocrx_word' id='word_1_122' title='bbox 725 2119 815 2180; x_wconf 59' lang='lat' dir='ltr'>fineis,</span> 
     </span>
     <span class='ocr_line' id='line_1_20' title="bbox 278 2207 1002 2271; baseline -0.003 -12"><span class='ocrx_word' id='word_1_123' title='bbox 278 2210 351 2267; x_wconf 81' lang='lat' dir='ltr'>Quod</span> <span class='ocrx_word' id='word_1_124' title='bbox 359 2225 410 2258; x_wconf 86' lang='lat' dir='ltr'>non</span> <span class='ocrx_word' id='word_1_125' title='bbox 421 2222 494 2258; x_wconf 80' lang='lat' dir='ltr'>mane</span> <span class='ocrx_word' id='word_1_126' title='bbox 503 2207 605 2258; x_wconf 87' lang='lat' dir='ltr'>domum</span> <span class='ocrx_word' id='word_1_127' title='bbox 615 2207 720 2258; x_wconf 84' lang='lat' dir='ltr'>venisset</span> <span class='ocrx_word' id='word_1_128' title='bbox 733 2227 742 2270; x_wconf 80' lang='lat'>3</span> <span class='ocrx_word' id='word_1_129' title='bbox 760 2207 864 2270; x_wconf 81' lang='lat' dir='ltr'>deniqne</span> <span class='ocrx_word' id='word_1_130' title='bbox 875 2207 942 2271; x_wconf 89' lang='lat' dir='ltr'>quod</span> <span class='ocrx_word' id='word_1_131' title='bbox 950 2221 1002 2258; x_wconf 91' lang='lat' dir='ltr'>non</span> 
     </span>
     <span class='ocr_line' id='line_1_21' title="bbox 279 2289 830 2362; baseline -0.002 -13"><span class='ocrx_word' id='word_1_132' title='bbox 279 2289 426 2350; x_wconf 83' lang='lat' dir='ltr'>Providisset</span> <span class='ocrx_word' id='word_1_133' title='bbox 436 2314 501 2349; x_wconf 85' lang='lat' dir='ltr'>eum.</span> <span class='ocrx_word' id='word_1_134' title='bbox 535 2298 554 2356; x_wconf 79' lang='lat' dir='ltr'>ii</span> <span class='ocrx_word' id='word_1_135' title='bbox 565 2298 605 2348; x_wconf 89' lang='lat' dir='ltr'>Sic</span> <span class='ocrx_word' id='word_1_136' title='bbox 616 2298 736 2360; x_wconf 77' lang='lat' dir='ltr'>ignovisse</span> <span class='ocrx_word' id='word_1_137' title='bbox 745 2306 830 2362; x_wconf 80' lang='lat' dir='ltr'>putato</span> 
     </span>
     <span class='ocr_line' id='line_1_22' title="bbox 278 2383 1012 2449; baseline -0.004 -12"><span class='ocrx_word' id='word_1_138' title='bbox 278 2391 322 2437; x_wconf 89' lang='lat' dir='ltr'>Me</span> <span class='ocrx_word' id='word_1_139' title='bbox 331 2387 387 2449; x_wconf 87' lang='lat' dir='ltr'>tibi,</span> <span class='ocrx_word' id='word_1_140' title='bbox 398 2387 420 2437; x_wconf 87' lang='lat' dir='ltr'>si</span> <span class='ocrx_word' id='word_1_141' title='bbox 430 2402 512 2438; x_wconf 79' lang='lat' dir='ltr'>ooenes</span> <span class='ocrx_word' id='word_1_142' title='bbox 523 2388 596 2438; x_wconf 91' lang='lat' dir='ltr'>hodie</span> <span class='ocrx_word' id='word_1_143' title='bbox 608 2402 711 2437; x_wconf 87' lang='lat' dir='ltr'>meeum.</span> <span class='ocrx_word' id='word_1_144' title='bbox 745 2385 809 2443; x_wconf 75' lang='lat' dir='ltr'><strong>iiUt</strong></span> <span class='ocrx_word' id='word_1_145' title='bbox 818 2385 885 2436; x_wconf 81' lang='lat' dir='ltr'>libet.</span> <span class='ocrx_word' id='word_1_146' title='bbox 919 2383 1012 2448; x_wconf 78' lang='lat' dir='ltr'>iiiii-go</span> 
     </span>
     <span class='ocr_line' id='line_1_23' title="bbox 278 2476 922 2538; baseline -0.003 -12"><span class='ocrx_word' id='word_1_147' title='bbox 278 2480 338 2526; x_wconf 83' lang='lat' dir='ltr'>Post</span> <span class='ocrx_word' id='word_1_148' title='bbox 347 2490 439 2524; x_wconf 82' lang='lat' dir='ltr'>nonam</span> <span class='ocrx_word' id='word_1_149' title='bbox 449 2477 545 2526; x_wconf 85' lang='lat' dir='ltr'>venies:</span> <span class='ocrx_word' id='word_1_150' title='bbox 563 2492 629 2526; x_wconf 89' lang='lat' dir='ltr'>nunc</span> <span class='ocrx_word' id='word_1_151' title='bbox 640 2476 659 2538; x_wconf 91' lang='lat' dir='ltr'>i,</span> <span class='ocrx_word' id='word_1_152' title='bbox 671 2491 724 2526; x_wconf 88' lang='lat' dir='ltr'>rem</span> <span class='ocrx_word' id='word_1_153' title='bbox 731 2483 843 2526; x_wconf 86' lang='lat' dir='ltr'>strennus</span> <span class='ocrx_word' id='word_1_154' title='bbox 854 2489 922 2538; x_wconf 79' lang='lat' dir='ltr'>auge.</span> 
     </span>
     <span class='ocr_line' id='line_1_24' title="bbox 278 2563 1011 2628; baseline 0 -14"><span class='ocrx_word' id='word_1_155' title='bbox 278 2563 297 2620; x_wconf 77' lang='lat' dir='ltr'>ii</span> <span class='ocrx_word' id='word_1_156' title='bbox 305 2566 342 2614; x_wconf 91' lang='lat' dir='ltr'>Ut</span> <span class='ocrx_word' id='word_1_157' title='bbox 351 2571 450 2613; x_wconf 86' lang='lat' dir='ltr'>ventum</span> <span class='ocrx_word' id='word_1_158' title='bbox 462 2565 494 2612; x_wconf 81' lang='lat' dir='ltr'>ad</span> <span class='ocrx_word' id='word_1_159' title='bbox 504 2577 599 2613; x_wconf 87' lang='lat' dir='ltr'>coenam</span> <span class='ocrx_word' id='word_1_160' title='bbox 610 2573 647 2616; x_wconf 87' lang='lat' dir='ltr'>est</span> <span class='ocrx_word' id='word_1_161' title='bbox 655 2587 664 2628; x_wconf 75' lang='lat'>3</span> <span class='ocrx_word' id='word_1_162' title='bbox 682 2566 785 2616; x_wconf 84' lang='lat' dir='ltr'>dicenda</span> <span class='ocrx_word' id='word_1_163' title='bbox 794 2565 895 2615; x_wconf 81' lang='lat' dir='ltr'>taeendn</span> <span class='ocrx_word' id='word_1_164' title='bbox 904 2567 1011 2625; x_wconf 87' lang='lat' dir='ltr'>locutus,</span> 
     </span>
     <span class='ocr_line' id='line_1_25' title="bbox 277 2651 903 2718; baseline 0.002 -14"><span class='ocrx_word' id='word_1_165' title='bbox 277 2652 388 2704; x_wconf 83' lang='lat' dir='ltr'>Tandem</span> <span class='ocrx_word' id='word_1_166' title='bbox 399 2651 533 2703; x_wconf 82' lang='lat' dir='ltr'>dormitum</span> <span class='ocrx_word' id='word_1_167' title='bbox 545 2653 683 2704; x_wconf 82' lang='lat' dir='ltr'><strong>dimittitur.</strong></span> <span class='ocrx_word' id='word_1_168' title='bbox 717 2655 774 2716; x_wconf 86' lang='lat' dir='ltr'>Hic,</span> <span class='ocrx_word' id='word_1_169' title='bbox 786 2655 828 2704; x_wconf 89' lang='lat' dir='ltr'>ubi</span> <span class='ocrx_word' id='word_1_170' title='bbox 839 2668 903 2718; x_wconf 62' lang='lat' dir='ltr'>saegpe</span> 
     </span>
     <span class='ocr_line' id='line_1_26' title="bbox 279 2741 868 2807; baseline 0 -13"><span class='ocrx_word' id='word_1_171' title='bbox 279 2744 409 2794; x_wconf 83' lang='lat' dir='ltr'>Oocuitum</span> <span class='ocrx_word' id='word_1_172' title='bbox 418 2742 484 2793; x_wconf 86' lang='lat' dir='ltr'>visus</span> <span class='ocrx_word' id='word_1_173' title='bbox 495 2741 623 2793; x_wconf 83' lang='lat' dir='ltr'>decurrere</span> <span class='ocrx_word' id='word_1_174' title='bbox 632 2743 705 2807; x_wconf 87' lang='lat' dir='ltr'>piscis</span> <span class='ocrx_word' id='word_1_175' title='bbox 716 2744 747 2794; x_wconf 79' lang='lat' dir='ltr'>sd</span> <span class='ocrx_word' id='word_1_176' title='bbox 757 2744 868 2805; x_wconf 79' lang='lat' dir='ltr'>hamum,</span> 
     </span>
     <span class='ocr_line' id='line_1_27' title="bbox 277 2831 852 2894; baseline 0 -12"><span class='ocrx_word' id='word_1_177' title='bbox 277 2835 352 2882; x_wconf 79' lang='lat' dir='ltr'>Mane</span> <span class='ocrx_word' id='word_1_178' title='bbox 362 2832 438 2882; x_wconf 87' lang='lat' dir='ltr'>cliens</span> <span class='ocrx_word' id='word_1_179' title='bbox 449 2834 534 2894; x_wconf 75' lang='lat' dir='ltr'>etiam</span> <span class='ocrx_word' id='word_1_180' title='bbox 543 2839 623 2882; x_wconf 87' lang='lat' dir='ltr'>certus</span> <span class='ocrx_word' id='word_1_181' title='bbox 634 2831 744 2893; x_wconf 80' lang='lat' dir='ltr'>conviva,</span> <span class='ocrx_word' id='word_1_182' title='bbox 752 2833 852 2894; x_wconf 76' lang='lat' dir='ltr'>iubetur</span> 
     </span>
     <span class='ocr_line' id='line_1_28' title="bbox 277 2921 846 2974; baseline 0 -2"><span class='ocrx_word' id='word_1_183' title='bbox 277 2925 344 2972; x_wconf 80' lang='lat' dir='ltr'>Rure</span> <span class='ocrx_word' id='word_1_184' title='bbox 354 2924 491 2972; x_wconf 75' lang='lat' dir='ltr'>suburbana</span> <span class='ocrx_word' id='word_1_185' title='bbox 501 2922 598 2972; x_wconf 84' lang='lat' dir='ltr'>indietis</span> <span class='ocrx_word' id='word_1_186' title='bbox 608 2936 689 2972; x_wconf 86' lang='lat' dir='ltr'>comes</span> <span class='ocrx_word' id='word_1_187' title='bbox 701 2922 738 2971; x_wconf 90' lang='lat' dir='ltr'>ire</span> <span class='ocrx_word' id='word_1_188' title='bbox 745 2921 846 2974; x_wconf 83' lang='lat' dir='ltr'>Latinis.</span> 
     </span>
     <span class='ocr_line' id='line_1_29' title="bbox 278 2990 893 3074; baseline -0.002 -15"><span class='ocrx_word' id='word_1_189' title='bbox 278 3009 408 3074; x_wconf 86' lang='lat' dir='ltr'>Impositos</span> <span class='ocrx_word' id='word_1_190' title='bbox 418 3011 525 3073; x_wconf 79' lang='lat' dir='ltr'>mannis,</span> <span class='ocrx_word' id='word_1_191' title='bbox 536 3027 622 3062; x_wconf 85' lang='lat' dir='ltr'>arvum</span> <span class='ocrx_word' id='word_1_192' title='bbox 631 3012 768 3074; x_wconf 87' lang='lat' dir='ltr'>ooelumque</span> <span class='ocrx_word' id='word_1_193' title='bbox 775 2990 893 3061; x_wconf 69' lang='lat' dir='ltr'>&#39;Sabinum</span> 
     </span>
     <span class='ocr_line' id='line_1_30' title="bbox 278 3097 926 3162; baseline 0 -17"><span class='ocrx_word' id='word_1_194' title='bbox 278 3098 335 3146; x_wconf 86' lang='lat' dir='ltr'>Non</span> <span class='ocrx_word' id='word_1_195' title='bbox 345 3105 423 3147; x_wconf 81' lang='lat' dir='ltr'>oessat</span> <span class='ocrx_word' id='word_1_196' title='bbox 433 3099 540 3150; x_wconf 77' lang='lat' dir='ltr'>laudare.</span> <span class='ocrx_word' id='word_1_197' title='bbox 574 3099 647 3149; x_wconf 76' lang='lat' dir='ltr'>Videt</span> <span class='ocrx_word' id='word_1_198' title='bbox 657 3098 767 3161; x_wconf 84' lang='lat' dir='ltr'>ridetque</span> <span class='ocrx_word' id='word_1_199' title='bbox 782 3097 907 3162; x_wconf 87' lang='lat' dir='ltr'>Philippus</span> <span class='ocrx_word' id='word_1_200' title='bbox 918 3116 926 3144; x_wconf 83' lang='lat'>.-</span> 
     </span>
    </p>
   </div>
   <div class='ocr_carea' id='block_1_3' title="bbox 0 0 1207 3898">
    <p class='ocr_par' dir='ltr' id='par_1_3' title="bbox 0 0 1207 3898">
     <span class='ocr_line' id='line_1_31' title="bbox 0 0 1207 3898; baseline 0 0"><span class='ocrx_word' id='word_1_201' title='bbox 0 0 1207 3898; x_wconf 95' lang='lat' dir='ltr'> </span> 
     </span>
    </p>
   </div>
  </div>
 </body>
</html>
