2432 3874
257 477 304 522 220
494 474 525 526 Q.
543 471 681 521 HORATII
699 471 815 520 sulcet

256 603 384 649 Inventore
396 599 490 648 minor:
507 612 585 659 neque
596 612 640 659 ego
652 597 689 646 illi
700 597 826 646 detrahere
837 597 915 646 susim

257 693 395 740 Haerentem
406 687 478 750 cspiti
486 688 564 734 multa
573 701 629 734 cum
640 687 711 734 laude
721 700 845 736 coronam

256 779 290 824 At
301 775 351 824 dixi
364 775 439 824 tinere
449 776 515 824 hunc
524 776 682 834 lutulentum,
694 789 757 836 saepe
768 775 885 822 ferentem

255 865 329 911 Plura
340 863 436 924 quidem
447 862 556 910 tollenda
566 861 738 924 relinquendis.
749 864 811 923 Age,
822 875 914 922 quaeso,

255 953 294 999 'lu
306 950 366 998 nihil
378 950 404 998 iu
415 964 503 1011 magno
515 949 600 999 doctum
611 949 735 1012 reprendis
749 949 875 998 Homero?

256 1037 298 1088 Nil
309 1038 385 1088 comis
396 1037 480 1100 tragici
491 1045 570 1088 mutat
581 1037 686 1086 Lucilius
696 1033 774 1084 Aeci?
849 1037 854 1046 ”

256 1131 313 1177 Non
325 1128 388 1177 ridet
396 1143 479 1178 versus
490 1125 556 1178 Enni
568 1126 683 1188 grevitste
690 1125 808 1185 minores,

257 1218 319 1265 Cum
330 1217 360 1265 de
371 1231 397 1265 re
408 1217 527 1278 loquitur,
538 1230 588 1264 non
600 1223 627 1263 ut
637 1215 729 1274 maiore
740 1213 880 1276 reprensis?

255 1304 319 1357 Quid
330 1312 395 1352 vetet
406 1313 430 1352 et
441 1312 537 1353 nosmet
549 1301 626 1352 Lucili
638 1303 727 1366 scripte
738 1304 843 1363 legentes
901 1367 903 1374 y

255 1393 379 1451 Quaerere‚
392 1406 451 1439 uum
463 1391 539 1450 illius,
551 1405 611 1438 num
619 1405 701 1439 rerum
713 1391 775 1439 durs
786 1389 878 1451 negarit

256 1477 394 1526 Versiculos
405 1486 493 1526 natura
503 1477 578 1538 magis
590 1480 667 1528 factos
677 1486 702 1527 et
712 1486 798 1526 euntes

256 1563 368 1624 Mollius,
380 1578 407 1612 ac
418 1565 439 1612 si
450 1564 514 1626 quis,
526 1564 626 1626 pedibus
637 1564 695 1625 quid
705 1564 817 1613 claudere
828 1562 904 1624 mnis,

257 1654 310 1700 Hoc
320 1660 415 1700 tentum
425 1660 564 1713 contentus,
574 1660 639 1702 emet
649 1651 774 1715 scripsisse
786 1652 902 1702 ducentos

255 1742 319 1788 Ante
330 1740 410 1788 cibum
421 1755 515 1800 versus,
527 1741 629 1792 totidem
639 1742 767 1792 coenutus?
787 1739 883 1790 Etrusci

255 1831 333 1883 Quale
344 1830 390 1879 luit
402 1830 470 1882 Cassi
483 1832 567 1894 rapido
578 1832 710 1882 ferventius
722 1832 789 1882 smni

255 1918 392 1980 Ingenium,
403 1920 480 1982 oepsis
491 1935 564 1982 quem
575 1921 640 1968 fama
650 1929 688 1970 est
698 1935 751 1970 esse
763 1919 879 1981 librisque

252 2007 399 2056 Ambustum
409 2009 522 2070 propriis.
555 2010 636 2058 Fuerit
644 2009 761 2068 Lucilius,
773 2008 883 2071 inquam,

255 2095 337 2144 Cumis
348 2104 372 2144 et
383 2098 507 2158 urbanus3
525 2097 597 2146 fuerit
608 2097 715 2146 limatior
726 2096 800 2155 idem,

256 2184 334 2236 Quam
346 2183 414 2232 rudis
424 2192 449 2231 et
461 2184 551 2233 Graecis
562 2185 646 2233 intacti
657 2184 772 2233 carminis
784 2192 879 2243 auctor,

254 2273 380 2333 Quamque
392 2271 523 2320 Poetarum
533 2272 658 2320 seniorum
670 2273 757 2332 turbe3
774 2271 817 2320 sed
829 2272 882 2331 ille,

255 2358 281 2405 Si
293 2358 356 2405 foret
366 2358 413 2407 hoc
424 2367 536 2408 nostrum
547 2360 597 2407 foto
609 2360 698 2408 dilutius
709 2359 735 2407 in
747 2374 836 2418 terum,

253 2445 379 2492 Detereret
390 2443 435 2492 sibi
446 2447 540 2506 multa;
557 2446 672 2494 recideret
682 2460 755 2494 omne
767 2446 832 2506 quod
842 2447 908 2494 ultra

254 2531 389 2578 Perfectum
400 2531 553 2593 traheretur3
571 2540 595 2580 et
607 2532 631 2579 in
643 2545 714 2580 versu
726 2532 835 2587 faciendo
866 2561 868 2568 ,

253 2619 322 2680 Saepe
332 2626 403 2680 mput
413 2619 531 2678 scaberet,
542 2619 608 2667 vivos
620 2627 644 2668 et
656 2619 752 2668 roderet
764 2633 864 2680 ungues.

254 2709 322 2770 Saepe
334 2707 417 2756 stilum
428 2714 518 2767 vertes,
531 2707 630 2767 iterum,
641 2723 694 2769 quae
706 2707 778 2769 dignu
789 2707 836 2768 legi
847 2707 907 2768 sint,

253 2791 408 2854 Scriputrus3
425 2806 512 2854 neque,
524 2799 548 2840 te
559 2800 587 2840 ut
598 2790 700 2840 miretur
711 2792 794 2851 umbe,
806 2792 912 2851 labores,

254 2881 388 2929 Contentum
398 2880 480 2943 paucis
490 2877 628 2929 lectoribus.
661 2883 700 2927 An
712 2886 755 2928 tue
766 2879 865 2928 demens

253 2966 347 3016 Vilibus
359 2968 384 3015 in
396 2967 460 3016 ludis
471 2968 555 3017 dictari
566 2967 674 3017 carmina
685 2967 774 3016 malis?

254 3056 311 3102 Non
322 3069 383 3118 ego;
401 3071 458 3106 nam
469 3057 527 3106 sutis
539 3066 576 3106 est
586 3057 690 3120 equitem
702 3057 762 3106 mihi
774 3058 903 3120 plaudere3
921 3064 948 3106 ut
959 3056 1047 3113 audax,
