2432 3874
368 512 561 564 SERMONUM
579 511 641 562 bre.
659 513 691 562 11.
707 527 731 562 v.
898 512 946 561 249

49 660 53 666 ‚
150 640 415 704 rrrluarnaecjnm
433 641 521 691 muner
532 639 553 689 n
564 644 627 692 rore
637 641 723 690 dorosa

151 731 290 781 Libertusve
301 745 383 780 renem
393 730 498 780 delirum
508 737 636 794 temperet,
646 729 698 778 illis

149 820 254 870 Accedes
266 821 358 871 socius:
375 821 470 880 laudes,
480 819 586 870 lauderis
596 827 625 868 ut
635 819 735 868 emens:

148 908 252 971 Adiuvat
261 910 309 960 boc
319 924 433 973 quoqne;
449 909 493 959 sed
501 909 577 958 vinde
585 909 658 969 longe
667 907 734 970 prius
745 906 825 969 ipsum

148 998 293 1061 Expugnare
302 1005 388 1061 eeput=
406 997 495 1048 scribet
504 997 570 1046 mele
580 994 690 1044 oermlne
698 996 802 1042 vecors?

148 1086 270 1135 beudnto:
288 1093 406 1136 scortator
417 1087 484 1135 erit?
503 1091 591 1134 cavete
601 1089 683 1143 roget:
699 1083 768 1131 ultro

148 1174 285 1236 Penelopen
296 1173 374 1224 suellis
383 1173 474 1236 potiori
483 1172 560 1222 trade.
593 1169 611 1228 l
622 1175 744 1232 Putasne*
815 1199 820 1206 -

149 1260 251 1310 Perduci
262 1261 351 1324 poterit
361 1269 412 1309 tem
420 1261 484 1322 frugi
494 1269 593 1323 temque
601 1261 698 1324 pudice,
742 1256 745 1264 '

148 1351 228 1404 Quem
239 1349 353 1410 nequiere
364 1349 431 1412 proci
442 1357 508 1398 recto
518 1349 639 1413 depellere
649 1350 743 1399 cursu?

148 1435 320 1492 llVenitenim
331 1451 445 1498 magnum
457 1437 563 1488 donandi
574 1451 646 1501 poree
652 1440 778 1498 juvenen,

148 1527 199 1574 Nec
208 1533 304 1574 tantum
315 1525 417 1576 Veneris
427 1533 545 1588 quantum
554 1525 665 1576 studioso
672 1525 760 1574 culinae
769 1543 778 1586 ς

146 1611 187 1662 Sic
197 1613 242 1662 tibi
253 1615 374 1677 Penelope
385 1613 448 1675 frugi
458 1622 507 1664 este
524 1629 578 1676 que
589 1615 611 1664 si
621 1615 697 1664 semel
708 1627 758 1663 uno

146 1703 183 1750 De
194 1715 251 1750 sene
262 1702 364 1762 gustarit
370 1709 451 1751 tecum
461 1702 550 1764 pertita
559 1704 686 1762 lucellum,

147 1790 182 1838 Ut
193 1789 270 1850 eunis,
282 1803 297 1838 e
307 1789 374 1838 corio
385 1803 510 1850 nunquam
521 1789 694 1837 absterreblrrr
705 1796 787 1837 uncto.

143 1880 185 1927 Me
196 1891 263 1936 sene,
274 1876 341 1938 'quod
350 1875 439 1936 dicam,
450 1876 541 1926 factum
552 1883 605 1924 esta
622 1889 682 1926 anus
694 1875 805 1938 improbe
814 1871 906 1922 Thebis

141 1967 180 2014 Ex
191 1971 336 2014 tenemento
349 1964 384 2012 sic
395 1970 433 2012 est
442 1965 520 2012 elate:
537 1963 637 2011 cadaver

140 2055 250 2103 Unctum
261 2053 316 2101 oleo
326 2054 394 2114 largo
405 2051 477 2100 nudis
488 2049 596 2100 humeris
607 2050 664 2100 tulit
674 2050 770 2112 haeres;

141 2141 238 2193 scilieet
248 2140 312 2189 elabi
322 2139 344 2187 si
354 2146 436 2204 posset
446 2145 558 2188 mortius:
575 2138 659 2198 credo,

141 2230 213 2285 Quod
224 2229 328 2278 nimium
338 2227 460 2278 institeret
470 2225 568 2276 viventi
601 2227 692 2276 cruens
704 2225 784 2274 adito:

142 2319 197 2366 Neu
207 2315 271 2365 desis
282 2330 373 2379 operae,
384 2329 444 2364 nere
454 2314 628 2364 immoderatus
638 2313 754 2364 abundes.

141 2407 269 2456 Difficilem
278 2413 304 2454 et
315 2419 441 2455 morosum
452 2404 560 2454 offendet
573 2403 700 2464 garrulum
718 2403 783 2452 ultra

141 2498 198 2546 Non
210 2495 283 2544 etism
295 2495 375 2546 sileas.
408 2497 488 2544 Davus
500 2493 533 2542 sis
544 2493 661 2553 comicum,
673 2498 745 2554 atque

140 2589 194 2638 Stes
205 2587 282 2650 cepite
292 2586 399 2650 obstipo,
411 2588 516 2635 multum
526 2583 614 2634 similis
625 2580 753 2632 mouenti.

144 2675 267 2737 Obsequio
276 2689 400 2736 grassare:
417 2688 501 2733 mone,
513 2673 534 2722 si
545 2671 677 2722 increbruit
687 2683 757 2730 aura,

143 2763 233 2810 Cautus
244 2761 280 2810 uti
290 2762 349 2810 velit
358 2775 441 2810 eorum
452 2767 537 2822 eaput:
554 2759 656 2808 extrahe
666 2759 748 2817 turba,

141 2849 264 2915 Oppositis
275 2849 397 2900 humeris:
415 2863 498 2900 aurem
510 2848 647 2908 substringe
659 2843 763 2906 loquaci.

143 2940 299 3000 importunus
309 2944 375 2987 amat
385 2935 497 2986 laudari?
517 2934 594 2984 donec
605 2934 660 2983 Ohe
671 2935 677 2982 l
694 2933 747 2992 J'am

140 3026 179 3074 Ad
190 3027 279 3075 ooelum
291 3025 402 3074 manibus
412 3025 524 3084 sublatis,
536 3023 635 3082 dixerit,
645 3034 737 3082 urgue3
755 3027 781 3068 et

145 3116 300 3164 crescentem
310 3113 409 3166 tumidis
420 3113 480 3164 infla
490 3111 642 3164 sermonibus
652 3117 743 3160 utrem.
