2432 3874
414 591 552 644 sPODON
569 593 675 643 LIBER.
894 593 942 640 175

273 733 333 781 Tuis
344 733 445 796 capillus
456 735 524 783 uibus
536 741 573 782 est
583 734 708 794 odoribus,

276 821 378 869 Nullum
389 834 404 868 a
414 823 497 870 labore
509 837 548 871 me
558 823 660 871 reclinat
669 822 761 872 otium:

254 961 258 966 ,
276 910 353 970 Urget
363 909 427 957 diem
439 925 500 969 nox,
508 918 533 958 et
544 910 595 958 dies
606 917 712 970 noctem,
724 924 801 972 neque
811 919 849 959 est

277 999 366 1046 Levsre
377 1004 445 1045 tenta
456 996 543 1059 spiritu
553 997 693 1059 praecordlu
898 995 902 1000 ’

277 1097 342 1156 Ergo
353 1103 467 1157 negatum
478 1096 562 1144 vincor
572 1104 601 1144 ut
610 1096 707 1144 credam
718 1096 802 1157 miser,

279 1183 376 1232 Sabella
387 1191 469 1245 pectus
481 1184 606 1245 increpare
615 1185 733 1244 carmina,

281 1273 406 1335 Caputque
417 1273 500 1319 Marsa
510 1271 615 1321 dissilire
626 1272 713 1322 naenia.

280 1361 346 1415 Quid
356 1357 528 1423 amplius'vis?
548 1361 571 1410 Ο
584 1375 650 1410 mare
662 1369 687 1409 et
697 1365 777 1410 terra!
796 1363 880 1424 ardeo,

281 1453 405 1505 Quantum
417 1465 495 1512 neque
506 1457 559 1498 utro
572 1450 692 1498 delibutus
704 1452 820 1500 Hercules

282 1540 355 1589 Nessi
365 1554 462 1600 cruore,
474 1553 518 1588 nec
529 1540 615 1588 Sicana
626 1539 718 1589 fervida

281 1631 363 1679 Urens
374 1630 400 1678 in
411 1631 487 1678 AEtna
497 1629 603 1677 flamma.
636 1631 686 1690 Tu,
698 1630 775 1678 donec
785 1629 846 1678 cinis

283 1717 409 1777 injuriosis
421 1716 502 1764 aridus
512 1716 591 1764 ventis
602 1689 678 1776 ferar,

284 1805 354 1852 Cales
365 1803 464 1851 venenis
476 1802 571 1851 officina
582 1801 710 1851 Colchicis.

283 1893 343 1945 Quae
355 1891 430 1939 linis?
449 1897 491 1939 aut
501 1890 566 1952 qnod
577 1905 615 1938 me
627 1899 709 1938 manet
719 1891 885 1954 stipendium?

249 2015 252 2020 ,
284 1981 377 2028 Effare:
392 1983 472 2040 iussas
483 1995 539 2029 cum
551 1981 692 2042 fidc‘poenas
703 1983 781 2041 luam,

286 2068 387 2116 Paratus
399 2067 507 2129 expiare,
519 2083 562 2116 seu
573 2069 709 2130 poposceris
822 2057 826 2064 ’

287 2156 392 2204 Centum
400 2156 526 2215 juvencos,
538 2155 587 2204 sive
600 2156 708 2205 mendaci
718 2157 771 2220 lyra

286 2245 360 2293 Voles
371 2243 452 2292 sonari
463 2264 471 2305 ;
488 2251 516 2292 tu
525 2245 621 2307 pudica,
634 2253 661 2294 tu
671 2247 758 2308 proba,

288 2334 471 2383 perambulabis
483 2343 549 2383 astra
559 2335 624 2384 sidus
636 2350 744 2385 aureum.

260 2483 264 2494 1
288 2423 389 2471 lnfamis
401 2424 501 2471 Helenae
513 2424 599 2471 castor
610 2425 716 2472 otlens'us
727 2424 787 2484 vice,

288 2513 418 2574 Fratcrque
430 2511 510 2573 magni
523 2512 641 2572 Castoris,
652 2513 709 2562 victi
720 2527 800 2576 prece,

194 2604 199 2610 '
290 2601 394 2650 Ademta
405 2601 453 2648 vati
465 2600 590 2648 reddidere
602 2601 703 2650 lumina.

291 2692 323 2739 Et
332 2697 360 2739 tu
375 2691 452 2753 (potes
464 2688 531 2750 nam)
548 2690 614 2738 solve
626 2705 665 2738 me
676 2689 806 2749 dementis,

291 2779 313 2828 0
325 2794 369 2828 nec
381 2779 486 2842 paternis
499 2780 609 2828 obsoleta
620 2779 742 2838 sordibus,
813 2843 814 2849 1

292 2869 342 2916 Nec
354 2868 379 2916 in
391 2868 506 2931 sepulcris
518 2881 646 2930 pauperum
659 2867 764 2930 prudens
774 2881 834 2914 anus

293 2955 452 3004 Novendinles
465 2955 580 3018 dissipare
591 2956 708 3018 pulveres.

292 3042 349 3091 'libi
358 3042 476 3105 hospitale
486 3052 578 3105 pectus,
590 3052 614 3092 ct
625 3059 690 3107 purae
702 3057 787 3092 manus
797 3065 805 3106 ;

293 3133 408 3193 Tuusque
418 3139 502 3180 venter
514 3131 663 3180 Pactumeius
674 3152 682 3194 ;
699 3140 724 3180 et
734 3139 777 3180 tuo
