2400 3898
265 553 312 604 290
507 549 538 602 Q.
550 545 690 596 HORATll
707 546 825 596 Funccl

543 873 706 922 EPlSTOLA
722 873 789 921 XVI.

560 1049 595 1084 so
611 1049 771 1092 ourucrruu.

270 1199 310 1246 Ns
321 1197 479 1260 perconteris,
491 1197 580 1246 fundus
592 1212 671 1258 meus,
682 1197 772 1260 optime
783 1196 894 1258 Quincti,

268 1289 335 1335 Areo
346 1294 427 1350 pascat
437 1287 534 1347 herum,
546 1300 577 1334 an
589 1286 667 1335 baccis
678 1287 802 1348 opulentet
812 1286 894 1346 olirae,

269 1375 394 1434 Pomisne,
406 1389 435 1424 an
448 1375 533 1438 pratis,
545 1389 576 1423 an
587 1374 675 1423 amicta
685 1372 773 1422 vitibus
785 1375 865 1422 ulmo:

270 1461 393 1510 Scribetur
403 1462 448 1510 tibi
459 1463 538 1510 forma
548 1461 691 1523 loquaciter,
702 1468 726 1509 et
738 1461 797 1510 situs
808 1461 866 1522 agri.

270 1549 387 1598 Continui
398 1557 503 1606 montes,
516 1548 564 1596 nisi
575 1550 734 1598 dissocientur
741 1563 815 1612 opaca

269 1637 355 1697 Valle3
373 1637 415 1684 sed
424 1643 452 1684 ut
463 1635 561 1684 veniens
573 1636 688 1686 dextrum
698 1639 760 1686 latus
771 1637 869 1700 aspiciat
881 1639 935 1698 Sol,

269 1726 367 1774 Laevum
379 1725 495 1774 decedens
504 1709 580 1774 ¹ctrrru
591 1727 697 1788 fugiente
708 1734 814 1790 vaporet.

268 1813 421 1875 Temperiem
432 1813 523 1863 laudes.
558 1813 639 1868 Quid?
659 1814 680 1863 si
690 1802 823 1863 rubicunda
833 1814 935 1876 benigne

270 1901 352 1950 Coma
362 1916 444 1964 vepres
453 1911 478 1952 et
488 1917 566 1965 pruna
576 1904 676 1951 ferunt?
696 1904 717 1952 si
729 1919 829 1966 quercus
840 1911 864 1953 et
874 1904 924 1953 ilex

270 1991 351 2038 Multa
362 1992 429 2052 fruge
439 2005 522 2053 pecus,
534 1993 612 2040 multa
622 1992 748 2042 domiuum
757 1995 825 2054 juvat
835 1995 920 2044 umbra
929 1998 939 2044 ἒ

271 2079 343 2128 Dicas
355 2081 484 2129 adductum
495 2081 595 2143 propius
606 2081 719 2129 frondere
729 2084 872 2131 Tarentum.

270 2169 335 2217 Fons
346 2167 419 2216 etiam
431 2167 483 2216 rivo
494 2167 551 2216 darc
562 2182 651 2218 nomen
663 2168 774 2230 idoneus,
785 2177 813 2218 ut
823 2184 867 2219 nec

270 2256 390 2317 Frigidior
400 2257 518 2306 Thracam
531 2271 575 2306 nec
585 2258 669 2320 purior
681 2257 770 2308 ambiat
782 2260 877 2308 Hebrus
887 2279 896 2322 ;

271 2345 373 2392 Infirmo
383 2344 455 2407 capiti
465 2345 519 2395 fluit
529 2345 607 2407 utilis,
619 2345 686 2394 utilis
697 2347 759 2394 alvo.

271 2433 315 2480 lla
326 2433 424 2482 latebrae
436 2435 528 2507 dulces,
540 2444 564 2485 et
571 2437 634 2496 lam,
646 2435 667 2484 si
679 2435 767 2494 credis,
780 2449 893 2497 amoenae,

271 2521 421 2569 Incolumem
432 2523 475 2571 tibi
483 2537 526 2592 nme
536 2534 653 2586 praestant
664 2526 842 2590 Septembribus
854 2527 930 2576 horis.

269 2609 309 2657 Tu
320 2618 384 2658 recte
395 2610 464 2671 vivis,
477 2611 498 2660 si
509 2627 578 2662 curas
590 2628 642 2664 esse
653 2616 718 2678 quod
728 2615 811 2664 audis:

269 2698 284 2746 J
287 2704 393 2746 astamus
400 2698 544 2761 jampridem
555 2704 636 2751 omnis
648 2712 671 2753 te
683 2707 761 2754 Roma
771 2706 882 2754 beatum:

269 2787 317 2836 Sed
327 2799 411 2836 vereor
422 2788 502 2838 necui
513 2771 544 2838 de
553 2798 578 2839 te
589 2791 643 2854 plus
656 2806 728 2854 quam
740 2791 783 2841 tibi
794 2791 887 2852 credas,

269 2876 335 2924 Neve
346 2884 415 2939 putes
426 2877 502 2926 alium
513 2877 619 2946 sapiente
630 2881 742 2942 bonoque
753 2882 848 2930 beatum
852 2915 860 2939 ‚

269 2963 334 3021 Neu,
346 2962 367 3010 si
378 2970 403 3011 te
414 2967 516 3028 populus
527 2979 613 3014 sanum
624 2975 735 3028 recteque
742 2969 863 3017 valentem

267 3047 377 3110 Dictitet‚
389 3053 507 3101 occultam
518 3053 609 3102 febrem
621 3055 667 3101 sub
677 3061 772 3117 tempus
783 3053 869 3104 edendi

267 3135 425 3198 Dissimules,
438 3139 515 3188 donec
526 3140 637 3188 manibus
648 3147 741 3190 tremor
752 3141 842 3192 incidat
851 3139 931 3190 unctis
