2396 3866
471 459 791 512 Q.u0uar11sunocr
850 446 854 452 '

363 589 399 636 Te
410 601 504 648 semper
515 585 591 635 anteit
602 599 670 634 serva
681 584 827 643 Necessitas,

365 675 451 722 Claros
463 675 571 725 trabales-
579 681 604 721 et
614 685 703 721 euneos
715 685 788 720 manu

397 764 500 810 Gestaris
512 763 606 822 ahena3
624 775 668 809 noc
681 773 777 808 severus

429 851 513 898 Uncus
525 851 601 908 abest,
613 847 780 909 liquidumque
790 847 925 908 plumbum.

599 917 609 940 ,
907 914 909 920 .

365 1024 401 1070 Te
413 1024 472 1084 Spes
483 1030 508 1070 et
519 1023 573 1070 albo
585 1036 640 1070 rara
651 1022 721 1071 Fides
733 1021 792 1070 oolit

367 1113 452 1160 Velata
463 1125 560 1174 pann03
577 1127 621 1160 nec
632 1113 745 1162 comitem
757 1114 866 1174 abnegat,
885 1097 886 1100 Ἴ

400 1204 530 1263 Utcunque
542 1209 633 1255 mutata
643 1209 752 1264 potentes

432 1293 504 1338 Veste
515 1292 601 1341 domos
612 1291 710 1340 inimica
720 1291 819 1353 linquis.

369 1466 402 1511 Aa
413 1464 499 1524 vulgus
510 1463 611 1512 infidum
623 1471 648 1511 et
658 1465 774 1512 meretrix
785 1472 851 1512 retro

370 1553 470 1610 Perjura
481 1550 557 1598 cedit:
575 1549 704 1610 diffugiunt
714 1550 778 1598 oadis

403 1641 466 1686 Cum
479 1638 536 1686 faece
548 1636 641 1686 siccatis
653 1637 734 1697 amici,

350 1759 351 1762 η
435 1727 508 1773 Ferre
515 1727 601 1786 jugum
612 1723 701 1787 pariter
712 1723 798 1772 dolosi.

372 1899 457 1946 Serves
468 1898 560 1964 iturum
573 1899 693 1948 Caesarem
705 1897 731 1944 in
742 1897 842 1946 ultimos

373 1987 446 2034 Orbis
458 1987 601 2048 Britannos,
613 1995 637 2035 et
645 1987 762 2048 juvenum
773 2000 856 2035 recens

405 2078 514 2125 Examen
527 2077 585 2126 Eois
597 2077 732 2126 timendum

438 2167 559 2226 Partibus,
572 2167 717 2228 Oceanoque
728 2167 810 2214 rubro.

374 2338 442 2384 Eheu
452 2339 462 2384 i
477 2335 615 2384 cicatricum
626 2344 651 2384 et
662 2336 758 2384 sceleris
770 2337 844 2397 pudet

377 2426 543 2484 Fratrumque.
575 2422 640 2476 Quid
653 2436 698 2470 nos
710 2423 771 2470 dura
781 2422 912 2483 refugimus

407 2513 494 2559 AEtas?
514 2510 572 2571 quid
582 2510 698 2558 intactum
710 2509 797 2558 nefasti

394 2662 397 2668 Ι
439 2597 584 2660 Liquimus?
602 2597 668 2647 unde
679 2611 778 2647 manum
787 2598 900 2658 juventus

333 2755 340 2767 ¹
377 2772 445 2818 Metu
457 2771 558 2822 deorum
568 2770 706 2820 continuit?
726 2770 812 2833 quibus
906 2801 908 2806 ·

377 2861 486 2925 Pepereit
496 2861 563 2910 aris?
584 2864 606 2912 0
618 2863 712 2915 utinam
723 2878 786 2912 nova
875 2868 877 2870 ’

410 2951 499 3001 incude
510 2951 618 3013 diffingas
629 2960 738 3000 retusum
749 2951 774 3000 in

441 3041 587 3100 Massagetas
599 3041 738 3102 Arabasque
750 3041 849 3090 ferrum.
925 3041 930 3051 '
