2438 3860
233 589 279 637 162

463 589 493 639 Q·
512 586 650 636 HORATII
667 587 784 636 mcci

562 904 629 954 ODE
646 906 701 954 vt1.

468 1106 503 1142 AD
520 1105 640 1142 POPULUM
658 1107 798 1144 ROMANUM.

329 1258 398 1315 Quo,
410 1269 459 1316 quo
467 1255 561 1304 scelesti
569 1256 639 1306 ruitis
649 1259 658 1304 ?
678 1264 720 1305 aut
730 1271 773 1305 cur
784 1256 889 1305 dexteris

359 1345 481 1407 Aptantur
492 1358 561 1392 enses
573 1345 683 1393 conditi?

328 1435 449 1490 Parumne
460 1431 550 1493 campis
562 1439 633 1492 atque
645 1434 758 1494 Neptuno
770 1446 841 1495 super

360 1520 449 1566 Fusum
460 1525 498 1565 est
508 1518 588 1566 Latini
600 1519 722 1579 sanguinis
733 1521 743 1566 ἓ

328 1609 385 1654 Non
395 1613 423 1654 ut
434 1606 548 1667 superbas
560 1604 647 1653 invidae
660 1605 812 1666 Carthaginis

360 1697 485 1744 Romanus
496 1707 563 1743 arces
574 1701 670 1742 ureret:

329 1787 435 1834 intactus
447 1793 488 1834 aut
498 1784 631 1834 Britannus
642 1791 670 1832 ut
680 1783 836 1834 descenderet

361 1875 435 1922 Sacra
445 1881 569 1922 catenatus
579 1873 632 1922 via:

304 1964 307 1969 '
328 1962 376 2011 Sed
385 1970 423 2023 ut,
438 1963 569 2012 secundum
580 1971 636 2010 vota
647 1963 803 2023 Parthorum,
815 1977 858 2012 sua

360 2053 426 2101 Urbs
437 2053 488 2101 huc
496 2052 586 2115 periret
597 2053 703 2114 dextera.

329 2142 414 2202 Neque
424 2141 464 2189 hic
475 2141 538 2203 lupis
550 2156 614 2200 mos,
627 2153 671 2189 nec
682 2141 730 2188 fuit
739 2140 861 2200 leonibus,

360 2229 492 2288 Nunquam
502 2227 549 2276 nisi
562 2228 586 2274 in
599 2227 680 2290 dispar
691 2227 757 2275 ieris.

329 2315 438 2364 diuorne
449 2329 535 2376 emens,
548 2329 579 2362 an
591 2315 654 2376 rapit
664 2314 699 2362 vis
711 2314 808 2363 aerior?

359 2404 399 2449 An
410 2403 500 2464 canipa?
520 2417 663 2464 responsum
678 2401 740 2450 date.

326 2490 434 2549 Tuoent3
452 2494 477 2535 et
488 2501 532 2535 ora
541 2489 620 2549 pallor
631 2489 699 2534 albus
711 2487 803 2549 inficit3

358 2577 501 2636 Montesque
511 2575 627 2637 perculsae
640 2581 745 2636 stupent.

155 2669 157 2676 '
231 2726 236 2732 ¹
327 2664 367 2713 Sic
378 2671 431 2725 θεῖς
449 2664 535 2712 aoerba
545 2663 594 2710 fata
605 2663 728 2710 Romanos
740 2669 823 2723 agunt,
898 2639 906 2651 ⁸

359 2755 489 2815 Soelusque
501 2753 613 2800 fraternae
625 2751 707 2813 necis3

326 2847 361 2896 Ut
371 2841 521 2891 immerentis
531 2841 603 2889 duxit
611 2841 636 2888 in
647 2849 738 2890 terrem
749 2841 819 2890 Remi

358 2935 429 2983 Sacer
442 2931 568 2996 nepotibus
580 2919 660 2979 cruor.
