2438 3860
450 615 589 666 EPODON
606 616 711 666 LIBER.
777 661 779 665 ,

507 845 573 893 ODE
591 846 659 894 VIII.

425 1018 452 1052 IN
470 1019 545 1054 ANUM
562 1017 743 1054 LIBIDINOSAM.

279 1167 386 1214 licetne
397 1167 471 1227 longo
482 1166 590 1230 putidam
602 1174 626 1215 te
637 1169 736 1228 seculo,

310 1256 380 1305 Vires
388 1256 446 1318 quid
456 1266 554 1306 enervet
564 1273 631 1307 meas
641 1261 646 1307 Ι

278 1329 386 1389 Cum‘sit
397 1340 442 1389 tibi
452 1341 512 1390 deus
523 1325 584 1402 ater,
597 1349 622 1391 et
632 1341 697 1404 rugis
709 1350 777 1392 vetus

309 1429 424 1477 Frontem
437 1437 547 1478 senectus
559 1437 658 1492 exaret3
776 1495 780 1504 Ι

278 1499 381 1580 urinae
391 1518 467 1581 turpis
478 1519 543 1567 inor
553 1517 632 1567 aridas
643 1525 711 1567 nates
806 1559 809 1566 r

308 1608 402 1668 Podex,
414 1609 481 1658 velut
490 1609 570 1658 crudae
581 1609 657 1658 bovls.

275 1696 323 1745 Sed
334 1696 418 1744 incitat
428 1712 468 1746 me
478 1706 571 1761 pectus,
583 1706 608 1746 et
618 1711 731 1746 mammae
741 1704 833 1760 putres,

307 1784 402 1845 Equina
413 1788 495 1846 quales
506 1788 596 1848 ubera3

272 1873 410 1933 venterque
421 1873 514 1933 mollis,
525 1881 550 1921 et
560 1874 639 1922 femur
651 1873 799 1922 tumentibus

306 1959 379 2008 Exile
389 1960 452 2008 suris
462 1960 579 2009 additum.

275 2049 335 2096 Esto
346 2049 433 2108 beata;
450 2047 524 2095 funus
536 2055 607 2108 atque
622 2047 738 2109 imagines

307 2135 403 2183 Ducant
413 2133 583 2196 Triumphales
594 2142 665 2183 tuum
676 2155 684 2197 ;

275 2223 327 2270 Nec
338 2221 369 2270 sit
379 2220 477 2281 marita,
487 2237 541 2283 quae
552 2221 734 2272 rotundioribus

307 2311 404 2360 Onusta
413 2311 493 2359 baccis
505 2312 620 2359 ambulet.

272 2396 355 2451 Quid?
375 2397 440 2458 quod
450 2396 528 2446 libelli
539 2399 614 2448 Stoici
625 2397 690 2446 inter
701 2389 795 2446 sericos

306 2482 391 2534 Jacere
402 2485 515 2548 pulvillos
527 2489 627 2546 amant?

275 2574 386 2623 illiterati
398 2591 456 2623 num
468 2575 550 2624 minus
561 2575 629 2623 nervi
641 2575 737 2636 rigent?

306 2664 419 2712 Minusve
430 2665 529 2724 languet
539 2664 658 2713 fascinum
668 2667 678 2712 ?

274 2752 346 2805 Quod
355 2760 383 2800 ut
394 2755 497 2815 superbo
508 2767 622 2816 provoces
634 2755 664 2801 ab
677 2753 784 2814 inguine,

308 2840 358 2889 Ore
369 2841 553 2890 allaborendum
564 2849 601 2890 est
613 2841 665 2890 tibi.
