2432 3874
229 485 276 531 20⁰
467 484 497 534 Q·
515 482 654 531 HORATil
672 483 788 531 FnAccl

230 607 316 667 Filius,
327 622 429 656 uxorem
440 607 525 668 grandi
536 622 592 658 cum
603 609 660 656 dote
671 614 775 667 recuset,

230 696 318 744 Ebrius
329 703 354 744 et
368 697 493 759 (magnum
504 697 569 758 quod
576 695 688 758 dedecus)
703 679 811 745 ambulet
821 704 878 744 ante

231 785 334 832 Noctem
345 797 400 832 cum
411 783 511 834 isclbus.
543 783 695 845 situmquid
707 783 855 846 Pomponius
867 783 920 832 istis

230 870 332 920 Audiret
342 870 444 931 leviora,
456 879 523 933 pater
534 871 556 920 si
565 871 674 920 viveret?
694 873 758 932 Ergo

232 959 289 1005 Non
301 957 359 1006 satis
369 965 407 1006 est
416 957 484 1020 puris
495 972 592 1006 versum
604 959 752 1021 perscribere
761 959 858 1020 verbis;

232 1045 310 1098 Quem
321 1044 342 1093 sl
353 1043 480 1105 dissolvas,
492 1045 569 1106 quivis
581 1042 745 1094 stomachetur
755 1045 840 1094 eodem

231 1133 286 1184 Quo
297 1138 439 1193 personatus
449 1139 519 1194 pacto
530 1139 606 1194 peter.
641 1132 696 1192 llis,
708 1147 752 1194 qo
762 1147 816 1195 que
828 1146 903 1191 nunc,

232 1217 300 1267 Olim
310 1234 363 1281 que
374 1219 469 1282 scripsit
480 1219 597 1281 Lucilius,
606 1220 694 1283 eripias
706 1219 727 1268 si

231 1308 353 1368 'l'empora
363 1314 429 1356 certa
439 1307 582 1368 modosque,
589 1315 614 1355 et
624 1307 690 1368 quod
697 1307 764 1368 prins
774 1306 859 1354 ordine
870 1307 971 1355 verbnm·
980 1314 1028 1364 est,

233 1393 355 1442 Posterius
367 1393 451 1453 facias,
462 1407 606 1455 praeponens
617 1393 705 1441 ultime
714 1392 814 1454 primis3

232 1483 300 1540 Non,
312 1488 340 1528 ut
350 1479 370 1528 si
382 1481 471 1538 solves,
485 1481 645 1540 “Postquam
656 1479 776 1528 discordie
786 1487 849 1528 tetra

232 1567 323 1616 “Belli
335 1567 437 1615 ferratos
449 1572 541 1627 postes,
553 1573 682 1626 portasque
694 1566 793 1627 refregit
801 1568 828 1628 ;”

233 1655 344 1704 Invenias
355 1654 428 1703 etism
439 1653 533 1714 disiecti
547 1637 756 1704 membrs‘l'oetae.

233 1747 356 1792 Hactenus
366 1743 431 1791 baec:
449 1742 519 1803 alies,
528 1745 621 1804 lustum
633 1743 665 1792 sit
675 1757 752 1792 necne
764 1746 867 1794 Poema:

233 1833 305 1880 Nunc
317 1830 378 1879 illud
388 1838 484 1881 tantum
495 1845 619 1894 quarram3
636 1831 756 1880 meritone
767 1832 812 1882 tibi
822 1832 854 1881 sit

233 1922 375 1983 Suspectum
385 1935 460 1981 genum
468 1920 515 1969 boc
526 1919 654 1970 scribendi.
689 1920 784 1970 Sulcius
796 1933 850 1968 acer

192 2051 199 2060 ,
231 2008 348 2057 Ambnlet
358 2016 383 2055 et
394 2008 506 2071 Caprius,
517 2007 584 2058 rauci
595 2008 669 2068 male,
680 2021 783 2069 cumque
794 2005 900 2068 libellis;

233 2097 336 2156 Magnus
346 2103 447 2157 uterque
458 2095 531 2144 timor
543 2096 691 2145 latronibus:
710 2096 806 2143 athene
817 2093 838 2142 si
849 2093 904 2155 quis

234 2184 267 2230 Et
278 2183 342 2230 vivat
353 2183 420 2246 puris
432 2183 553 2243 manibus,
564 2191 704 2232 contemnet
714 2191 851 2244 utriunque.

234 2272 270 2319 Ut
280 2270 313 2318 sis
324 2279 351 2319 tu
362 2269 449 2318 similis
462 2271 525 2319 Coeli
535 2270 659 2331 Birrique,
670 2272 805 2330 latronum,

234 2359 291 2404 Non
302 2371 346 2418 ego
357 2357 404 2406 sim
416 2355 499 2419 cepti,
511 2371 588 2419 neque
600 2356 684 2420 Sulcl3
700 2342 743 2406 cur
756 2364 848 2407 metues
859 2360 919 2406 me?

234 2445 310 2491 Nulla
319 2445 419 2491 taberne
429 2457 497 2491 meos
507 2446 594 2492 habent
605 2459 682 2504 neque
693 2446 743 2507 pile
753 2445 861 2504 libellos,

234 2527 308 2583 Queis
319 2541 405 2574 manus
416 2527 513 2575 insudet
522 2527 586 2586 vulgi
599 2527 805 2588 Hermogenisque
815 2528 914 2588 ligent,
971 2516 973 2520 ’

235 2617 286 2664 Nec
296 2612 395 2662 recitem
405 2612 544 2673 quidquam,
557 2611 604 2659 nisi
615 2611 709 2672 amicis,
722 2613 793 2673 idque
803 2621 918 2674 coactus;

234 2704 292 2750 Non
303 2698 392 2759 ubivis,
402 2681 517 2747 coramve
524 2698 676 2761 quibuslibet.
707 2701 729 2758 l
735 2701 762 2748 ln
775 2699 854 2748 medio
865 2700 906 2762 qui

234 2788 329 2852 scripte
339 2787 394 2836 loro
404 2786 515 2848 recitent,
527 2798 584 2836 sunt
595 2787 676 2847 multi,
687 2787 774 2850 quique
785 2788 906 2838 levones:

234 2881 311 2929 Suave
321 2881 389 2929 locus
401 2878 453 2928 voci
464 2885 562 2927 resonat
572 2879 708 2927 conclusus.
741 2879 855 2934 tllnenes

236 2966 288 3015 Hoc
297 2969 375 3028 Juvat,
386 2966 450 3016 haud
461 2965 521 3015 illud
533 2973 677 3028 quaerentes,
688 2980 749 3014 num
759 2964 812 3014 sinc
822 2980 906 3027 sensu,

234 3054 354 3116 'l'empore
366 3070 424 3103 num
436 3055 525 3104 faciam
533 3053 620 3103 alieno.
652 3056 672 3110 1
678 3053 776 3104 haedere
785 3054 884 3116 gendes,
