2396 3866
349 572 531 622 CARMINUM
549 576 611 623 LlB.
629 577 662 625 ll.
678 578 722 624 xii.
902 583 933 631 59

269 700 325 746 Non
336 713 429 762 semper
439 699 503 748 idem
515 701 615 750 floribus
625 713 662 754 eet
671 705 751 755 honor

268 787 364 848 Vernis,
374 803 451 850 neque
461 805 512 839 uno
522 792 592 840 Luna
602 794 690 843 rubens
700 795 762 844 nitet

299 878 389 926 Vultu:
407 879 464 940 quid
474 880 570 928 aeternis
582 882 701 931 minorem

331 966 445 1015 Consiliis
457 967 564 1016 animum
575 969 659 1030 fatigas
671 973 681 1016 ἓ

268 1138 318 1185 Cur
328 1152 377 1186 non
383 1133 434 1187 'sub
442 1133 494 1188 valta
503 1141 541 1188 vel
552 1141 651 1202 platano
661 1141 698 1188 vel
709 1143 754 1190 hac

267 1223 331 1272 Pinu
338 1226 444 1284 jncentes
456 1227 491 1275 alc
500 1235 603 1287 temere,
614 1235 638 1276 et
648 1242 704 1276 rosa

300 1312 381 1360 canos
392 1313 487 1362 odorati
497 1315 607 1376 capillos,

329 1401 395 1447 Dum
406 1400 473 1462 licet,
483 1404 627 1466 Assyriaque
638 1405 713 1454 nardo

265 1572 377 1621 Potamus
388 1575 474 1623 uncti?
493 1576 593 1640 dissipat
603 1569 679 1627 Enim

265 1660 340 1708 Curae
351 1662 443 1711 manes.
476 1665 536 1718 Quis
546 1681 606 1728 puer
617 1667 684 1716 ocius

296 1751 435 1812 Restinguet
445 1753 551 1802 ardentis
561 1755 660 1803 Falerni

329 1839 419 1888 Pocula
428 1847 588 1901 praetereunte
599 1843 715 1904 lympha?

264 2008 326 2060 Quis
336 2009 431 2057 devium
443 2018 550 2058 scortum
561 2011 640 2060 eliciet
651 2013 725 2061 domo

265 2095 369 2157 Lyden?
389 2099 491 2156 eburna,
503 2097 541 2145 dic
552 2112 605 2159 age,
617 2114 672 2147 cnm
681 2102 734 2163 lyra

297 2185 415 2243 Matium,
428 2184 454 2232 in
465 2181 572 2234 comtum
583 2188 689 2236 Laooenae

327 2273 398 2321 More
409 2288 503 2322 comam
514 2275 614 2336 religata
624 2277 722 2326 nodum.

461 2561 527 2610 ODE
545 2564 601 2611 Xll.

417 2737 450 2771 nn
467 2735 644 2774 mncanmnm.

154 2857 156 2864 Ι
232 2884 313 2930 Nonis
324 2884 395 2944 longa
406 2885 462 2933 ferae
473 2887 537 2935 bella
547 2885 696 2942 Numantia,

231 2972 283 3018 Nec
293 2971 379 3020 durum
390 2973 546 3033 Annibalem,
559 2988 603 3022 nec
614 2973 723 3022 Siculum
736 2985 802 3036 mare

231 3060 308 3106 Poeno
319 3071 463 3121 purpureum
474 3057 601 3122 sanguine,
612 3058 728 3108 mollibus

326 3150 409 3211 Aptari
419 3151 517 3200 eitharae
530 3150 626 3210 modim
