2432 3874
243 553 290 601 24⁴
480 549 514 603 Q·
533 548 675 598 nondun
692 549 809 599 mccl

246 677 288 727 Nil
299 675 345 725 nisi
357 677 412 724 lene
423 674 504 724 decet:
522 674 572 723 leni
583 675 717 738 precordia
727 677 806 724 mulso

245 763 369 815 Prolueris
380 763 475 812 melius.
508 762 536 812 Si
546 763 607 812 dura
618 764 753 812 morabimr
765 765 842 823 alvus,

244 854 345 918 Mytilus
356 861 381 902 at
390 852 451 902 viles
462 853 554 916 pellent
564 853 686 902 obstantia
695 853 804 912 conchis,

246 947 278 994 Et
287 943 380 1006 lapathi
391 941 471 991 brevis
482 942 568 1003 herba,
579 942 622 991 sed
632 943 688 990 albo
700 955 750 990 non
762 940 815 989 sine
824 941 883 990 Coc.

246 1031 349 1082 Lubrica
360 1039 486 1082 ducentes
497 1030 600 1094 irupieut
609 1029 735 1094 mncnylta
745 1030 819 1078 iuna.

247 1121 295 1171 Sed
306 1135 357 1170 non
368 1135 442 1170 omne
452 1133 520 1169 maun
528 1127 567 1168 est
576 1133 698 1181 gennesa
708 1117 789 1167 fertile
799 1125 876 1166 teste.

246 1209 341 1260 Murice
352 1209 445 1259 Baiano
456 1208 544 1259 melior
555 1208 659 1258 buerius
669 1207 771 1272 pluris.

248 1299 336 1348 Ostrea
348 1298 458 1360 Circeiis,
467 1298 564 1346 Miseno
572 1297 686 1346 oriuntur
695 1293 791 1356 schini3

248 1385 386 1434 Pectinibus
397 1384 485 1448 pandis
492 1387 569 1445 lentat
577 1397 604 1432 se
614 1385 690 1432 molle
700 1385 841 1432 tarem.

249 1474 300 1521 Nec
311 1471 357 1521 sibi
368 1485 492 1522 coenarnm
503 1471 581 1532 quivis
591 1478 682 1520 temere
691 1479 787 1532 arroget
796 1478 885 1530 mem,

250 1561 306 1608 Non
319 1558 385 1621 prius
396 1565 480 1606 exacta
489 1557 557 1607 tenui
565 1559 662 1606 mone
673 1572 796 1622 saporum.

250 1649 300 1696 Nec
311 1645 369 1696 satis
380 1653 418 1696 eat
427 1657 483 1694 cara
492 1645 569 1709 pisces
579 1659 689 1696 arsurem
701 1662 795 1708 mensa,

251 1737 364 1797 Ignarum
375 1735 462 1798 quibus
473 1742 511 1784 est
517 1736 559 1796 jus
568 1733 659 1798 meins,
670 1743 695 1785 st
705 1737 791 1799 quibus
799 1735 859 1786 asaia

251 1821 387 1885 Languidus
397 1822 424 1872 in
435 1822 544 1873 urbinus
551 1824 603 1884 iam
613 1837 640 1873 ae
651 1825 751 1874 conviva
762 1833 869 1888 reponet.

253 1912 346 1960 Umber
357 1918 382 1960 et
392 1909 467 1973 iligna
477 1910 583 1960 nuditus
593 1911 680 1972 glande
693 1912 808 1962 rotundas

252 2000 342 2048 Curvet
351 2013 408 2062 aper
418 2001 499 2050 lances
510 2013 608 2049 cunam
618 1999 715 2050 vitantis
727 2000 844 2050 inertem:

253 2089 317 2136 Nam
328 2089 436 2138 Laurens
448 2088 526 2136 malus
538 2095 585 2147 est,
595 2087 658 2136 ulvis
669 2095 695 2137 st
704 2087 823 2138 arundine
833 2086 934 2151 pinguis.

253 2175 330 2224 Vinea
340 2175 471 2225 summittit
480 2189 577 2238 capreas
588 2189 638 2224 non
649 2189 743 2240 semper
754 2176 844 2226 edules.
928 2211 932 2224 2

253 2262 371 2312 Fecunda
381 2263 470 2326 leporis
482 2263 576 2326 sapiens
586 2263 717 2312 sectabitur
727 2278 817 2313 armos·

254 2351 361 2399 Piscibus
373 2358 444 2412 atque
455 2351 538 2400 avibus
549 2367 603 2414 qua
613 2360 701 2402 natura
710 2361 736 2402 et
746 2354 810 2404 foret
822 2360 890 2412 artas,

254 2440 318 2487 Ante
330 2450 411 2484 meum
422 2438 484 2486 nulli
495 2439 572 2500 patuit
582 2440 683 2499 quesita
693 2441 808 2501 palatium.

255 2529 317 2576 Sunt
328 2537 431 2586 quorum
442 2523 566 2585 ingenium
576 2539 640 2574 nora
648 2533 744 2574 tantum
754 2528 862 2576 cruscula
871 2530 970 2589 promit.

256 2620 412 2678 Nequaquam
423 2613 481 2663 satia
493 2613 518 2662 in
529 2627 557 2662 re
567 2626 617 2662 una
626 2627 769 2663 consumere
777 2627 876 2664 cnara:

257 2711 292 2760 Ut
302 2709 323 2758 si
334 2707 387 2770 quis
397 2704 544 2765 columboe,
555 2704 620 2752 mala
628 2719 661 2754 ne
672 2703 721 2754 sint
732 2703 798 2766 vina,
808 2706 913 2768 laboret,

257 2800 329 2855 Quali
339 2796 467 2862 perfundat
476 2795 552 2860 pisces
563 2808 660 2844 oecurus
671 2793 745 2845 olivo.

257 2889 361 2938 Messica
370 2887 391 2936 si
401 2887 464 2936 ecclc
476 2897 595 2949 supponat
605 2883 662 2933 rina
672 2898 769 2945 sereno,

258 2980 393 3036 Nocturna,
405 2975 427 3024 si
437 2975 495 3038 quid
505 2973 579 3024 crassi
589 2981 637 3034 est,
647 2973 785 3024 tenuabitur
796 2989 864 3036 aura,

258 3068 290 3115 Et
301 3067 399 3115 decedet
408 3065 469 3116 odor
480 3065 560 3115 nervis
570 3063 699 3126 inimicus3
716 3071 742 3112 at
752 3064 796 3114 illa

258 3157 380 3214 inoegrum
392 3151 496 3214 perdunt
506 3151 559 3201 lino
569 3150 652 3200 vitiata
662 3163 780 3214 saporem.
