2400 3898
341 606 580 661 EPISTOLARUM
597 612 660 662 LIB.
678 613 697 662 1.
714 614 767 665 xiii.
907 625 956 670 285

158 730 200 780 Nll
212 745 312 794 parvum
324 734 413 799 sapias,
425 745 451 786 et
461 718 539 789 adhuc
550 741 665 791 sublimia
675 757 759 794 cures:

157 822 217 874 Qnae
229 835 296 872 mare
306 835 460 890 compescant
470 842 547 878 causae
556 851 569 892 3¹
582 831 641 892 qnid
650 841 768 896 temperet
779 849 870 886 annum
880 856 889 900 3·

156 910 238 959 stelle
249 921 336 975 sponte
347 929 401 976 sua,
410 917 516 976 jussaene
527 927 643 979 vagentur
653 928 678 969 et
689 931 788 985 errent;

156 997 220 1052 Quid
231 1010 326 1062 premat
335 1005 467 1054 obscurum
475 1006 561 1067 Lunae,
572 1007 631 1068 qnid
642 1010 750 1070 proferat
760 1013 861 1076 orbem3

155 1087 220 1140 Quid
230 1089 288 1138 velit
298 1098 322 1139 et
332 1092 410 1155 possit
421 1107 503 1142 rernm
514 1095 644 1144 concordia
655 1095 747 1146 discors
756 1119 764 1160 ;

154 1175 322 1239 Empedocles,
334 1192 365 1227 an
377 1179 520 1229 Stertinium
531 1181 617 1231 deliret
628 1197 739 1234 acumen.

152 1264 245 1312 Verum
257 1279 300 1314 seu
309 1266 397 1330 pisces,
410 1281 453 1316 seu
461 1282 561 1332 porrum
571 1278 596 1319 et
606 1286 670 1336 ωερε
680 1273 797 1337 trucidas,
891 1301 899 1314 ·

153 1349 230 1398 Utere
242 1351 358 1414 Pompeio
371 1353 501 1417 Grosph0;
519 1364 543 1404 et
554 1356 575 1404 si
586 1357 643 1418 quid
654 1366 730 1421 petet,
743 1361 810 1410 ultro

151 1437 240 1486 neser:
258 1437 293 1487 nil
305 1441 430 1504 Grosphus
444 1443 491 1492 nisi
502 1458 585 1494 verum
593 1447 673 1496 orabit
683 1456 708 1498 et
718 1463 823 1511 aequum.

151 1526 213 1575 Vilis
224 1528 357 1578 amicorum
368 1539 405 1584 est
415 1545 522 1594 annona,
534 1535 605 1583 bonis
616 1535 658 1584 nbi
669 1537 728 1598 quid
739 1538 814 1590 deest.

151 1618 190 1666 Ne
200 1625 281 1667 tamen
293 1619 388 1682 ignores
399 1637 448 1684 qno
459 1623 491 1672 sit
502 1626 612 1674 Romanu
621 1628 676 1676 loco
687 1643 739 1680 res:

151 1707 270 1757 Cantrtber
280 1711 403 1774 Agrippae,
417 1713 504 1762 Claudi
513 1715 603 1764 virtute
615 1719 721 1767 Neronis

149 1797 280 1846 Armenius
290 1798 388 1848 oecidit:
402 1801 444 1861 jus
453 1801 632 1866 imperiumque
646 1806 759 1856 Phraates

150 1885 253 1934 Caesaris
264 1887 355 1950 accepit
364 1889 464 1949 genibus
475 1891 571 1940 minor:
589 1907 663 1944 aurea
673 1895 752 1956 fruges

149 1967 225 2018 Italiae
237 1968 309 2032 pleno
320 1970 413 2020 defudit
424 1974 500 2037 Copia
510 1989 595 2026 cornu.

421 2262 584 2314 EPISTOLA
601 2267 670 2320 Xlll.

394 2441 429 2476 nn
444 2441 543 2479 vrnrunr
560 2444 685 2482 assumar.

92 2570 94 2576 Ι
147 2595 187 2642 Ur·
197 2595 387 2656 proficiscentem
398 2596 470 2648 docui
480 2605 504 2646 te
515 2612 578 2661 saepe
589 2599 687 2662 diuque,

144 2686 253 2746 Augusto
264 2685 349 2735 reddes
361 2687 454 2748 signata
464 2689 599 2750 volumina,
611 2689 678 2752 Vini,

145 2773 171 2822 Si
182 2773 285 2834 validus,
296 2775 317 2822 si
328 2777 397 2825 latus
409 2777 465 2837 erit,
477 2777 498 2826 si
508 2777 612 2839 denique
622 2786 720 2840 poscet3

146 2867 183 2914 Ne
194 2864 273 2913 studio
285 2867 362 2927 nostri
373 2881 467 2928 pecces,
479 2867 610 2929 odiumque
620 2867 711 2916 libellis
740 2899 748 2915 .

145 2952 248 3002 Sedulus
257 2952 386 3016 importes,
397 2969 471 3018 opera
480 2957 622 3005 vehemente
634 2954 753 3004 minister.

144 3042 170 3091 Si
181 3051 206 3091 te
216 3043 279 3091 forte
291 3057 350 3090 meae
360 3043 439 3103 gravis
449 3052 503 3093 uret
511 3043 605 3092 sarcina
615 3043 715 3103 chuta,

143 3130 248 3192 Abiicito
259 3131 351 3195 potius,
364 3143 437 3192 qnam
447 3146 496 3193 quo
506 3132 614 3195 perferre
623 3130 716 3191 juberis

143 3222 252 3274 Clitellas
264 3223 330 3276 ferus
342 3222 470 3286 impingas,
481 3221 610 3283 Asinaeque
620 3228 748 3283 paternum
