2400 3898
342 526 579 576 EPISTOLARUM
597 527 659 577 LIB.
677 530 697 576 l.
713 529 739 576 ii.
896 529 943 578 269

142 654 255 704 Rusticus
266 661 389 718 exspectat
399 653 458 704 dum
469 655 559 704 defluat
569 655 664 718 amnis;
681 663 707 705 at
717 655 760 706 ilie

141 741 252 804 Labitur,
263 749 288 791 et
297 744 393 792 labetur
404 743 430 792 in
441 758 515 792 omne
525 744 639 794 volubilis
651 759 738 794 aevum.

141 830 264 884 Quaeritur
275 838 411 892 argentum,
423 831 551 894 puerisque
562 833 632 880 beata
642 832 752 880 creandis

140 903 221 980 Uxor,
233 928 258 970 ct
268 919 365 970 incultae
376 927 492 983 pacantur
504 933 602 988 vomere
614 921 688 970 siivae.

141 1008 214 1063 Quod
225 1009 283 1058 satis
295 1016 333 1058 est
342 1007 382 1056 cui
392 1007 503 1068 contigit,
514 1007 554 1055 hic
566 1007 628 1055 nihil
639 1007 744 1070 amplius
754 1015 828 1070 optet.

141 1099 197 1146 Non
206 1097 293 1146 domus
305 1105 330 1145 et
339 1096 441 1156 fundus,
453 1111 503 1144 uon
515 1095 571 1144 aeris
582 1109 680 1146 acervus
691 1103 716 1144 et
727 1097 780 1144 auri

139 1187 241 1246 AEgroto
253 1183 346 1232 domini
357 1182 457 1231 deduxit
468 1197 570 1245 corpore
581 1183 672 1243 febres,

140 1275 197 1322 Non
210 1273 293 1322 animo
303 1286 381 1321 curas.
414 1272 500 1320 Valeat
510 1285 636 1333 possessor
646 1278 753 1333 oportet,

140 1361 166 1412 Si
176 1359 333 1424 comportatis
344 1361 415 1408 rebus
426 1361 488 1408 bene
498 1359 587 1420 cogitat
596 1359 641 1408 uti.

139 1451 188 1506 Qui
200 1449 266 1512 cupit
276 1457 318 1498 aut
329 1449 425 1509 metuit,
434 1451 503 1510 juvat
514 1449 585 1498 ilium
597 1449 632 1498 sic
643 1449 730 1498 domus
738 1457 764 1499 ct
773 1465 823 1511 res,

139 1541 175 1589 Ut
184 1538 278 1603 lippum
288 1537 358 1602 pictae
369 1537 467 1598 tabulae,
478 1538 587 1586 fomenta
597 1538 739 1600 podagram,

138 1627 267 1676 Auriculas
278 1627 377 1676 citharae
387 1628 490 1676 collecta
500 1626 571 1675 sorde
582 1627 701 1676 dolentes.

138 1713 265 1763 sincerum
277 1722 315 1763 est
326 1714 373 1762 nisi
385 1728 442 1775 vps3
460 1714 627 1774 quodcumque
638 1714 758 1775 infundis,
771 1715 865 1765 acescit.

139 1804 230 1866 Sperne
240 1803 389 1864 voluptates:
408 1810 479 1850 nocet
491 1793 555 1850 emta
566 1803 651 1851 dolore
661 1804 779 1866 voluptas.

139 1894 238 1954 Semper
249 1905 335 1940 arants
347 1897 414 1951 eget:
431 1897 525 1938 certum
535 1898 593 1939 voto
603 1898 658 1954 pete
669 1892 752 1941 tinem.

139 1979 238 2028 Invidus
249 1978 348 2028 alterius
360 1978 487 2026 macrescit
497 1979 569 2026 rebus
582 1978 684 2039 opimis:

140 2067 234 2116 invidia
244 2066 320 2116 Siculi
331 2081 380 2115 non
394 2065 508 2114 invenere
518 2066 616 2128 tyranni

140 2158 220 2226 biajus
232 2135 391 2204 tormentum.
425 2153 474 2208 Qui
486 2167 536 2202 non
548 2153 713 2202 moderabitur
723 2155 777 2215 ire,

140 2245 259 2294 Infectam
271 2245 409 2302 taletense,
420 2241 492 2290 dolor
504 2241 568 2302 quod
579 2241 682 2290 suaserit
692 2249 716 2291 et
727 2255 807 2302 meus,

139 2333 205 2380 Dum
215 2345 299 2394 poenas
310 2329 368 2378 odio
378 2343 421 2392 per
432 2329 482 2377 vim
493 2327 592 2376 festinat
603 2329 690 2378 inulto.

140 2421 180 2468 ira
190 2421 259 2468 imon
269 2418 348 2466 brevis
360 2423 411 2466 ests
428 2416 538 2465 animum
550 2430 621 2477 rege:
639 2416 691 2479 qui,
708 2417 756 2466 nisi
767 2426 845 2482 paret,
903 2406 905 2410 ’

141 2509 257 2571 Imperat:
274 2506 339 2555 bunc
350 2503 443 2565 breuis,
454 2504 520 2553 hunc
531 2511 558 2553 tu
566 2519 690 2568 compesce
700 2513 792 2556 catena.

141 2597 221 2658 Fingit
231 2611 320 2660 equm
333 2604 417 2644 tenera
427 2592 531 2642 docilem
542 2592 633 2642 cervice
644 2594 757 2656 magister

141 2689 180 2736 ire
191 2686 255 2735 viam
265 2700 314 2748 qua
324 2691 445 2734 monstret
455 2698 536 2746 eques.
570 2683 710 2745 venaticus,
723 2699 754 2733 ex
766 2699 814 2746 quo

141 2776 262 2837 Tempore
273 2773 394 2822 cervinam
407 2774 496 2835 pellem
506 2771 604 2820 latravit
614 2771 640 2820 in
651 2773 717 2831 aula,

142 2862 235 2912 Militat
245 2861 271 2910 iu
282 2861 347 2910 silvis
359 2862 461 2910 cattrlus.
494 2863 566 2910 Nunc
577 2861 663 2909 adhibe
673 2873 735 2922 puro

143 2954 244 3001 Pectora
254 2951 327 2999 verba
337 2963 407 3013 puer,
418 2963 484 2998 nunc
494 2956 518 2998 te
529 2948 670 2997 melioribus
681 2947 750 2995 offer.

141 3041 197 3094 Quo
207 3039 283 3089 semel
294 3044 331 3086 est
338 3036 431 3086 imbuta
440 3049 534 3098 recens,
545 3035 649 3086 servabit
659 3034 761 3082 odorem
