2396 3866
355 497 538 548 CARMINUM
556 500 619 549 ΗΒ.
638 501 670 550 11.
686 503 739 552 xiii.
918 509 945 557 61

466 785 532 834 ODE
553 788 623 835 XIII.

143 931 170 966 IN
188 931 326 979 ΔΒΒΟΒΕΜ,
343 933 422 969 CUJUS
434 935 498 970 CASU
512 937 538 971 IN
550 937 620 973 ΛΕΜ)
633 937 725 975 sarno
737 941 878 978 orrussus
889 943 944 979 EST.

273 1056 333 1104 lnnu
343 1064 368 1104 et
379 1057 473 1107 nefasto
484 1067 508 1108 to
519 1060 600 1123 posuit
610 1061 660 1121 die,

274 1145 416 1207 Quicunque
427 1147 544 1209 primum,
555 1157 580 1196 et
591 1149 707 1210 sacrilega
717 1165 792 1201 manu

308 1233 437 1292 produxit,
450 1236 531 1294 arbor,
545 1235 570 1282 in
582 1243 698 1298 nepotum
737 1295 739 1298 ¹
782 1258 786 1268 ·

337 1320 472 1370 Peruioiem
483 1323 687 1387 opprobriumque
697 1327 758 1388 pagi.

271 1491 343 1540 illum
354 1500 378 1541 et
388 1493 494 1556 parentis
505 1495 649 1546 crediderim
660 1498 699 1546 nui

271 1579 377 1642 Fregisoe
387 1581 513 1644 oervioem,
525 1592 550 1633 et
560 1585 693 1647 penetralia

302 1668 421 1730 Sparoirse
432 1679 551 1721 nocturno
564 1687 652 1722 cruore

334 1756 450 1818 Hospitis.
483 1760 529 1808 Ille
539 1774 632 1810 venena
643 1760 745 1821 Colcho,

270 1929 303 1976 Et
313 1927 426 1990 quioquid
436 1945 538 1991 iuquam
548 1931 682 1994 concipitur
694 1935 772 1995 nefas,

268 2016 403 2077 Tractavit‚
415 2031 473 2078 agro
484 2017 525 2078 qui
536 2017 619 2067 statuit
629 2033 684 2068 moo

301 2105 337 2152 Te
348 2103 418 2152 triste
428 2104 532 2166 lignum,
544 2113 568 2153 te
579 2106 694 2156 caducum

332 2193 361 2241 In
372 2193 466 2243 domini
476 2201 548 2256 capnt
557 2192 714 2246 immerentis.

266 2365 331 2420 Quid
341 2367 440 2429 quisque
452 2367 520 2430 vitet,
532 2386 655 2434 nunquam
666 2371 759 2421 homiui
770 2373 828 2423 ratio

265 2455 367 2503 Cautum
378 2465 424 2517 est,
436 2458 460 2506 in
473 2458 559 2508 horas:
577 2462 656 2510 navita
666 2464 803 2526 Bosporum

297 2545 385 2593 Poenur
396 2547 567 2610 perhorrescit,
579 2565 656 2612 neque
667 2553 732 2602 ultra

328 2633 396 2682 Caecn
405 2634 475 2685 timet
485 2637 583 2687 aliunde
594 2640 656 2688 iata:

263 2803 337 2852 Miles
349 2807 445 2868 sagittas
456 2819 481 2859 et
491 2814 593 2861 oelerem
605 2815 684 2876 fugam

263 2892 359 2942 Parthi:
376 2905 471 2947 catenas
484 2901 586 2950 Parthus
597 2910 621 2950 et
632 2905 720 2952 italum

294 2983 392 3046 Robur;
409 2987 451 3034 sed
463 2987 593 3051 improvIso
604 2989 647 3038 leti

325 3068 367 3117 Vis
378 3073 457 3134 rapuit
467 3075 590 3138 rapietque
600 3084 690 3136 gentes.
