2432 3874
361 573 553 631 SERMONUM
571 575 633 623 nln.
651 574 683 621 11.
700 573 735 622 iii.
900 576 947 625 237

148 699 213 754 Quid
224 700 308 760 refert,
319 701 415 760 morbo,
427 713 458 750 an
469 701 541 750 furtis
551 715 678 764 pereamre
688 701 799 766 rapinis?

147 787 266 843 Quisnam
276 788 349 850 igitur
359 791 451 838 sanus?
471 789 520 843 Qui
532 804 583 839 non
595 791 692 840 stultus.
726 791 792 846 Quid
805 794 911 842 avarus?

147 877 241 926 Stultus
253 884 278 925 et
289 877 396 926 insanus.
430 877 514 932 Quid?
539 879 560 926 si
572 878 626 939 quis
637 893 687 928 non
700 879 732 928 sit
743 893 848 942 avarus3

147 965 271 1015 Continuo
283 969 375 1015 sanus?
395 966 506 1014 Minime.
540 967 601 1026 Gur,
613 967 711 1015 Stoice?
731 967 823 1017 Dicam.

147 1055 205 1102 Non
215 1062 252 1103 est
263 1055 396 1113 uardIacus,
409 1055 538 1102 Craterum
549 1051 642 1104 dixisse
650 1063 745 1117 putato,

147 1143 193 1192 llic
204 1158 275 1204 ager.
308 1145 381 1192 Recte
388 1151 426 1191 est
436 1143 519 1204 igitur,
531 1147 678 1205 surgetque?
697 1143 810 1206 negabit,

146 1232 219 1286 Quod
229 1233 293 1281 latus
304 1239 347 1280 eut
359 1245 428 1280 renes
440 1231 526 1279 morbo
538 1238 662 1280 tententur
675 1239 754 1297 acuto.

145 1324 201 1371 Non
213 1330 250 1370 est
261 1323 383 1384 perjurus,
395 1336 473 1384 neque
485 1322 615 1384 sordidus3
632 1322 744 1372 immolet
755 1323 830 1385 aequis

146 1409 192 1460 Hic
203 1425 304 1474 porcum
316 1411 418 1460 Laribus
428 1430 436 1473 ;
453 1425 538 1460 verum
550 1411 691 1460 ambitiosus
703 1419 729 1461 et
739 1411 826 1460 audax.

144 1499 247 1561 Naviget
257 1497 406 1562 Anticyram.
440 1499 504 1553 Quid
517 1499 583 1548 enim
594 1499 684 1559 differt,
697 1500 844 1550 barathrone

144 1589 225 1637 Dones
236 1588 350 1650 quiequid
361 1588 444 1647 habes,
457 1601 488 1635 an
501 1601 625 1648 nunqnam
638 1595 706 1638 utare
717 1589 825 1651 paratis?

146 1676 242 1725 Servius
255 1676 373 1739 Oppidius
386 1674 477 1725 Canusi
488 1675 537 1723 duo
549 1675 649 1737 praedia,
661 1675 727 1725 dives

146 1764 254 1826 Antiqua
266 1777 351 1824 nensu,
363 1763 441 1824 gnatis
453 1762 542 1812 divisse
554 1763 648 1812 duobus

146 1852 242 1911 Fertur,
255 1859 280 1900 et
289 1851 342 1899 baec
353 1849 461 1898 morlens
472 1850 553 1911 pueris
565 1849 656 1898 dixisse
667 1850 757 1898 voeatis

146 1939 186 1988 Ad
195 1941 299 1989 lectum:
317 1942 448 2000 Postquam
459 1947 484 1986 te
494 1940 567 1998 talus,
579 1939 653 1998 Aule,
666 1951 787 2000 nucesque

147 2031 220 2078 Ferre
231 2027 287 2077 sinu
298 2028 367 2086 laxo,
378 2027 470 2075 donare
480 2033 506 2074 et
516 2025 600 2074 ludere
610 2026 676 2087 vidi,

146 2120 192 2178 Te,
204 2116 297 2176 Tiberi,
309 2128 447 2174 numerare,
457 2114 520 2162 cavis
532 2114 680 2162 abscondere
691 2113 797 2164 tristem:

148 2203 259 2254 Extirnui
270 2217 301 2252 ne
311 2215 355 2251 voa
368 2210 448 2262 egeret
459 2202 557 2250 vesania
567 2201 675 2263 discurs3

146 2297 186 2342 Tu
197 2295 390 2351 Nomentanum,
402 2297 429 2338 tu
441 2304 473 2338 ue
484 2303 610 2352 sequerere
624 2290 742 2340 Cicutam.

150 2385 230 2438 Quare
241 2397 284 2444 per
295 2381 362 2430 divos
371 2387 454 2429 oratus
467 2387 567 2441 uterque
578 2381 691 2439 Penaws,
767 2391 769 2396 ·

148 2472 188 2519 'lu
198 2483 254 2520 euve
265 2484 296 2518 ne
308 2467 403 2517 minuas
412 2486 420 2529 ;
437 2475 475 2527 tu,
487 2481 518 2515 ne
526 2468 603 2527 rnnjus
615 2465 688 2516 iacias
699 2466 725 2514 id

135 2621 138 2632 Ι
151 2558 222 2612 Quod
232 2557 290 2607 satis
302 2571 354 2606 esse
365 2563 434 2619 putat
445 2562 523 2618 pater,
535 2562 560 2603 et
571 2562 658 2604 natura
668 2553 772 2604 codrcet.

153 2647 273 2695 Praeterea
285 2660 316 2694 ue
325 2658 369 2694 vos
379 2645 464 2695 titillet
474 2645 561 2706 gloria,
571 2647 640 2705 jure-

152 2736 166 2784 l
170 2734 261 2783 arando
273 2734 421 2794 obstringam
432 2735 519 2782 ambo:
536 2740 592 2782 uter
603 2733 681 2782 aedilis
693 2732 796 2782 fueritve

152 2824 266 2870 Vestrum
277 2829 376 2883 praetor,
388 2821 409 2869 is
421 2820 566 2870 intestabilis
578 2830 603 2871 et
614 2835 681 2870 saber
692 2829 753 2870 esto.

156 2911 184 2958 ln
196 2908 273 2958 cieere
284 2915 355 2969 atque
365 2908 420 2957 faba
431 2910 496 2958 bona
506 2917 536 2962 tu
543 2909 676 2972 perdasque
686 2906 788 2969 lupinis,

155 3000 229 3047 Latus
242 2995 305 3046 utin
318 2997 389 3045 Circo
397 2997 509 3058 spatiere,
518 3006 560 3047 aaut
571 3011 653 3047 aeneus
664 3004 692 3045 ut
701 3003 761 3052 stes,

153 3088 240 3138 Nudus
250 3087 324 3149 agris,
336 3085 415 3135 nudus
426 3087 544 3147 nummis,
555 3086 650 3146 insane,
661 3082 768 3147 paternis

155 3181 252 3231 Scilicet
261 3186 291 3228 ut
301 3179 411 3242 plausus,
422 3191 483 3238 quos
494 3177 542 3224 iert
553 3175 670 3237 Agrippa,
681 3173 744 3221 feras
756 3180 794 3232 tu,
