2400 3898
350 567 589 644 nnrsuounuu'n
611 593 673 642 urs.
695 595 727 642 11.
744 593 760 641 r.
909 594 957 643 nor

157 720 229 767 Nunc
240 717 389 781 tibicinibus,
402 735 467 770 nunc
481 728 519 769 est
529 719 610 782 gavisa
621 720 750 782 trugoedis:
830 771 831 776 ,

157 807 208 855 Sub
218 806 312 855 nutrice
322 809 405 870 puelle
415 808 482 858 velut
494 808 515 857 si
526 809 621 858 luderet
632 808 722 869 iniens,

157 897 229 951 Quod
240 897 325 962 cupide
336 897 415 959 petiit,
428 905 521 946 mature
533 900 606 960 plene
615 897 721 958 reliquit.

157 984 221 1039 Quid
232 986 311 1048 placet
322 993 364 1034 eut
375 985 432 1034 odio
443 992 490 1045 est,
503 985 568 1046 quod
579 998 629 1033 non
641 983 757 1033 mutabile
770 986 871 1034 uedss?
965 1001 968 1007 ·

156 1075 210 1121 Hoc
220 1087 290 1136 paces
300 1075 406 1122 habuere
416 1075 497 1133 bonae,
509 1074 621 1136 ventique
633 1073 740 1123 secundi.

157 1164 240 1210 Romae
253 1163 324 1211 dulce
335 1162 377 1212 diu
389 1163 436 1212 fuit
446 1170 471 1210 et
482 1164 583 1212 solenne
594 1164 689 1212 reclusa

156 1251 230 1298 Mune
241 1249 315 1298 domo
326 1250 435 1311 vigilare,
442 1237 525 1300 clienti
536 1265 649 1314 promere
656 1253 723 1311 iure,

156 1337 246 1385 Geuws
258 1336 397 1386 nominibus
410 1338 481 1388 rectis
493 1339 629 1402 expendere
639 1353 763 1403 nummos,

156 1426 263 1486 Maiores
275 1426 369 1486 audire,
381 1426 471 1474 minori
482 1427 560 1476 dicere
571 1442 614 1491 per
626 1443 679 1489 quae

157 1513 271 1562 Crescere
282 1527 321 1561 res
333 1522 425 1576 posset,
437 1514 516 1562 minui
526 1515 644 1564 damnosa
655 1514 740 1565 libido.

156 1601 260 1650 Mutavit
270 1610 377 1652 mentem
387 1604 491 1664 populus
503 1603 573 1663 levis,
586 1611 611 1652 et
621 1603 683 1652 celet
694 1617 744 1651 uno

154 1690 280 1740 Scribendi
291 1691 385 1742 sudio:
403 1691 518 1752 puerique
529 1699 656 1753 patresque
667 1690 743 1740 severi

154 1778 250 1826 Fronde
261 1792 342 1827 comes
352 1778 426 1826 vincti
437 1785 544 1837 coeneut,
556 1785 581 1826 et
591 1777 699 1826 carmina
710 1776 808 1825 dictent.

155 1867 210 1929 lpse
220 1880 275 1927 ego,
287 1865 328 1926 qui
340 1866 422 1913 nullos
435 1879 474 1913 me
485 1867 578 1913 affirmo
591 1864 695 1913 scribere
706 1878 800 1924 versus,

156 1954 269 2004 lnvenior
282 1953 377 2002 Parthis
389 1953 528 2002 mendacior
540 1974 548 2016 3
565 1960 590 2002 et
600 1952 668 2015 prius
679 1959 734 2001 orto

155 2044 212 2092 Sole
223 2043 291 2102 vigil,
302 2043 423 2091 celemm
434 2050 459 2090 et
468 2042 564 2090 chartas
575 2048 600 2090 et
611 2039 699 2090 scrinia
710 2053 792 2102 posco.

156 2129 244 2180 Navim
254 2144 325 2190 agere
336 2130 434 2190 ignarus
447 2130 514 2179 nevis
525 2118 613 2193 tiiuet3
631 2131 776 2179 abrotonum
788 2141 852 2189 aegro

155 2219 211 2266 Non
223 2217 295 2266 sudet
305 2217 352 2266 nisi
364 2218 405 2279 qui
417 2217 511 2278 didicit,
522 2217 592 2266 dure:
611 2217 676 2279 quod
688 2217 838 2265 medicorum
849 2221 895 2273 cst,

95 2355 100 2364 ,
155 2305 305 2354 Promittunt
315 2305 418 2368 medici3
436 2313 540 2355 nectant
551 2305 647 2354 fabrilia
658 2304 733 2353 sobri:
780 2311 784 2320 ’

155 2393 288 2442 Scribimus
299 2393 389 2442 indocti
401 2394 513 2456 doctique
524 2399 637 2456 poemata
646 2393 744 2456 possim.

156 2481 202 2529 llic
213 2496 282 2530 error
293 2488 375 2530 tamen
387 2490 412 2531 et
422 2483 480 2530 lesu
492 2482 544 2530 hrec
556 2479 651 2530 insania
661 2485 763 2542 quantas

154 2569 261 2620 Virtutes
272 2572 369 2632 hebeat,
382 2571 416 2620 sic
427 2570 528 2631 collige:
545 2569 607 2618 vetis
618 2582 703 2618 evnrus

158 2659 214 2707 Non
225 2667 315 2709 temere
324 2669 361 2709 est
371 2659 485 2721 enimusp
502 2672 583 2706 versus
595 2664 671 2717 amet,
682 2657 729 2704 hoc
740 2653 820 2704 studet
830 2668 923 2713 unum;

156 2746 316 2806 Detrimenta,
329 2748 395 2808 fugas
403 2761 543 2806 serrorum,
554 2743 665 2793 incendia
675 2743 754 2803 ridet3

157 2837 214 2883 Non
226 2834 334 2882 fraudem
345 2835 421 2894 socio,
433 2848 536 2897 puerove
547 2832 662 2893 incogitat
670 2831 748 2878 ullam

158 2921 269 2984 Pupillo;
286 2921 345 2969 vivit
355 2921 448 2982 siliquis
460 2929 485 2970 et
495 2935 557 2983 pane
568 2918 673 2969 secundo
684 2938 690 2965 ι

160 3008 255 3058 Militire
267 3022 403 3070 quanquam
415 3010 481 3072 piger
491 3017 516 3059 et
527 3011 616 3067 malus,
626 3005 693 3055 utilis
705 3001 775 3066 urbi3

162 3097 188 3146 Si
198 3096 240 3145 dns
250 3097 307 3157 hoc,
318 3097 397 3160 parvis
407 3112 502 3160 quoque
512 3099 584 3147 rebus
594 3107 681 3155 magne
688 3092 767 3154 iuvari
777 3111 785 3153 3

162 3187 197 3235 Os
208 3192 318 3235 tenerum
329 3185 397 3249 pueri
408 3186 634 3247 balbumquepodtu
644 3183 749 3244 figurem
