2400 3898
221 417 270 466 328
461 415 492 468 Q.
510 414 649 463 HORATll
667 414 795 464 luscos

222 555 273 604 Aut
284 553 309 602 ln
320 567 388 602 suem
400 553 495 613 Progne
504 560 622 613 vertamur,
636 552 742 603 Cadmus
753 553 779 600 in
791 567 903 615 coprem,

130 687 134 700 ,
225 642 391 704 Quodcunque
401 641 508 690 ostendis
520 641 582 690 mihi
594 641 639 702 sic,
652 641 790 691 incredulus
801 642 851 691 odi.

225 733 292 780 Nem
302 729 394 790 minor,
405 744 453 778 neu
464 729 496 779 sit
506 729 593 792 quinto
603 731 744 792 productior
754 739 809 780 actu

224 820 324 879 nbula,
336 834 390 881 quoe
402 819 469 882 posci
481 820 543 880 vult,
554 827 579 868 et
590 827 697 882 spectata
709 819 808 882 reponi:
910 853 914 860 .

224 910 274 958 Nec
285 907 345 956 deus
356 907 463 968 intersit,
474 908 522 957 nisi
533 908 620 970 dignus
632 908 725 958 vindice
736 909 814 957 nodus

223 997 351 1048 inciderit:
369 1013 414 1048 nec
424 1007 510 1061 quarto
520 999 588 1062 loqui
599 1012 702 1062 persons
712 999 814 1047 laboret.

221 1086 319 1136 Actoris
329 1095 410 1150 partes
420 1089 510 1136 chorus
521 1087 674 1149 officiumque
683 1084 757 1166 virile

222 1177 342 1226 Defendet
351 1198 360 1240 ς
377 1177 494 1240 neuquid
505 1177 598 1227 medios
610 1175 741 1226 intercinat
751 1184 829 1235 octus,

224 1266 297 1320 Quod
307 1281 357 1315 non
369 1265 494 1330 proposito
505 1266 625 1316 conducat
634 1273 659 1314 et
670 1265 761 1314 hereat
770 1273 838 1328 apte:

218 1357 271 1406 ille
282 1357 353 1406 bonis
365 1357 500 1420 laventque,
512 1366 537 1407 ct
549 1356 691 1407 consilietur
702 1355 802 1417 amicis5

223 1446 255 1493 Et
265 1452 333 1506 reget
343 1445 428 1504 notos,
439 1453 464 1494 et
474 1453 539 1494 emet
548 1459 647 1508 pwcure
656 1445 769 1494 timentes
777 1463 782 1492 :

223 1533 268 1582 llle
279 1533 351 1595 dapes
362 1532 444 1581 laudet
455 1545 545 1580 mensae
557 1525 650 1580 breuis:
668 1533 711 1582 ille
722 1534 842 1582 salubrem

222 1621 359 1682 inutilium,
370 1620 493 1684 legesque,
504 1628 529 1670 et
540 1620 629 1684 apertis
640 1620 691 1670 otia
703 1621 792 1684 portis:

226 1711 271 1760 llle
282 1719 348 1773 tegat
358 1711 499 1771 commissa,
510 1709 616 1773 deosque
626 1719 738 1773 precetur
749 1718 774 1760 et
784 1719 846 1770 oret,

227 1805 263 1852 Ut
275 1801 358 1850 redeat
369 1801 475 1861 miseris,
487 1801 557 1850 obest
567 1800 667 1848 fortuna
677 1800 795 1862 superbis.

224 1889 295 1938 'llbin
306 1905 367 1950 nou,
381 1898 408 1938 ut
418 1904 484 1939 nunc
494 1889 617 1938 orichalco
627 1889 718 1949 vincto,
729 1891 841 1952 tubaeque

201 1973 205 1978 '
222 1978 332 2038 AEmulo,
344 1977 387 2026 sed
398 1978 478 2026 tenuis
489 1977 640 2042 simplexque
652 1976 773 2026 foramine
783 1991 861 2040 pauco

222 2066 339 2128 Aspimre
350 2073 375 2114 et
383 2065 467 2114 adesse
478 2065 559 2114 choris
571 2074 623 2114 erat
633 2065 712 2126 utilis,
724 2074 796 2128 atque

222 2155 340 2204 Nondum
351 2154 428 2217 spissa
439 2154 512 2203 nimis
523 2157 645 2218 complere
657 2155 743 2204 sedilia
753 2155 830 2216 flotu3

222 2246 277 2298 Quo
290 2258 348 2293 sane
358 2245 463 2307 populus
475 2244 642 2314 numerabilis,
653 2251 737 2307 utpote
748 2258 847 2308 parvus,

222 2334 254 2381 Et
263 2333 337 2393 frugi,
349 2340 478 2394 castusque
488 2333 684 2395 verecundusque
695 2333 783 2382 coibat.

222 2422 353 2481 Poetquam
364 2421 438 2483 coepit
448 2435 518 2482 agros
530 2421 661 2471 extendere
671 2421 760 2481 victor,
771 2430 796 2471 et
807 2423 891 2470 urbem

223 2507 305 2557 Latior
316 2507 428 2569 amplecti
441 2521 535 2567 murus,
547 2509 652 2571 vinoque
662 2511 752 2560 diurno

197 2661 203 2669 ,
223 2596 317 2645 Placari
328 2595 412 2657 genius
424 2595 603 2658 lestis'impune
611 2597 707 2661 diebus,

223 2687 329 2740 Accessit
340 2686 496 2748 numerisque
507 2685 633 2748 modisque
644 2687 744 2737 licentia
754 2689 840 2748 major.

223 2777 337 2825 Indoctus
349 2776 407 2838 quid
418 2775 484 2824 enirn
496 2783 601 2839 saperet,
612 2775 722 2838 liberque
732 2777 854 2834 laborum,

223 2865 335 2914 Rusticus
344 2866 440 2914 urbano
452 2867 578 2926 confusus,
590 2866 668 2928 turpis
678 2866 801 2913 honesto?

221 2953 261 3002 Sic
273 2953 358 3015 prisce
371 2961 512 3015 motumque
523 2962 548 3002 et
559 2953 682 3002 luxuriem
692 2950 785 3000 addidit
795 2951 842 3000 arti

220 3041 332 3100 Tibicen,
343 3043 465 3104 traxitque
475 3055 548 3102 vagus
560 3057 604 3106 per
614 3041 708 3105 pulpita
716 3047 822 3089 vestem:
