2432 3874
384 547 575 597 SERMONUM
593 547 656 596 uls.
668 547 688 596 Ι.
704 547 739 596 ix.
907 549 953 596 215

158 673 302 723 Abdiderint
313 673 396 722 furtim
408 673 494 736 terris;
510 681 535 723 et
545 673 651 736 imagine
660 687 737 724 (nerea¹
840 679 841 684 ’

145 765 148 782 ·
159 761 258 822 burglon
268 761 355 810 arserit
364 761 426 823 iguis
437 782 445 823 ;
462 769 487 810 et
496 769 524 810 ut
535 776 584 810 nou
596 762 664 810 testis
674 761 766 810 inultus

160 847 303 897 llorruerim
313 862 382 897 voees
392 847 520 898 birriarum
530 856 555 897 et
566 849 629 896 facte
638 848 750 896 duarum.

159 936 233 995 Nem,
245 936 352 997 d1splose
361 945 432 986 sonet
443 944 558 999 quantum
569 937 657 996 resim,
668 935 754 998 pepedi

158 1023 254 1072 Diffisse
263 1032 318 1072 nate
328 1025 395 1073 ficus.
428 1025 461 1073 At
473 1023 523 1071 illae
533 1037 630 1071 currere
640 1023 666 1070 in
676 1023 775 1070 urbem:

160 1111 267 1161 Cenidiae
278 1111 371 1169 dentes,
384 1112 460 1160 uiuum
472 1113 570 1172 Saganae
581 1109 730 1160 caliendrum

159 1199 288 1260 Excidere,
299 1207 370 1261 etque
380 1200 477 1258 herbes,
489 1208 559 1260 atque
570 1199 692 1248 inmutata
701 1197 798 1246 lacertis

159 1287 271 1349 ldnmrla,
282 1303 338 1338 num
350 1301 437 1350 magno
448 1289 545 1350 risuque
553 1291 656 1350 jocoque
667 1289 769 1337 videres.

464 1572 584 1621 sirmi
605 1571 655 1640 ur⁰¹

254 1744 281 1779 ΙΝ
300 1743 465 1780 rrsrunnms
481 1745 515 1779 ET
532 1743 638 1779 {NEPTOS
656 1744 863 1781 summersos.

161 1894 227 1940 lusus
239 1893 302 1940 forte
312 1885 358 1940 Via
370 1892 452 1951 Sacra,
463 1891 525 1940 simut
535 1905 602 1940 meus
613 1898 651 1940 est
661 1905 725 1950 mos,

162 1979 249 2028 Nescio
260 1979 318 2041 quid
329 1979 448 2028 meditans
459 1991 590 2038 nugarum,
599 1986 624 2025 et
635 1985 700 2025 totus
711 1976 737 2024 in
748 1976 811 2024 illis:

160 2067 272 2117 Aoeurrit
282 2067 379 2128 quidum
391 2075 463 2115 nouus
474 2065 534 2114 mibi
544 2065 645 2113 nomine
655 2072 760 2124 tantum,

162 2159 311 2218 Arrepteque
321 2168 407 2214 msuu,
420 2157 438 2214 ll
444 2153 509 2208 Quid
519 2153 579 2214 agis,
591 2153 740 2214 dulcissime,
751 2153 851 2201 rerum?

162 2244 309 2304 ilSuavlren,
319 2250 349 2292 ut
358 2257 423 2292 nunc
433 2251 481 2302 est,
492 2242 608 2304 inquam,
625 2250 651 2290 et
660 2243 731 2304 cupio
742 2241 825 2291 omnin
835 2255 888 2302 que
898 2240 942 2290 vis.

162 2333 225 2382 Cum
237 2339 405 2391 assentaretur,
418 2331 543 2392 Numquid
553 2331 608 2379 vis?
627 2345 727 2392 ooeupo.
760 2331 795 2379 At
805 2329 858 2388 ille,

162 2419 236 2467 Noris
248 2433 303 2478 nos,
313 2418 407 2480 iuquit3
424 2418 489 2467 docti
500 2432 592 2467 sumus.
626 2419 672 2466 Hie
682 2431 736 2478 ego,
750 2417 831 2465 Pluris

163 2507 226 2566 Hoc,
237 2507 346 2568 inquam,
359 2507 419 2555 mihi
430 2507 494 2555 eris:
511 2506 598 2555 misere
610 2505 732 2554 diseedere
741 2519 863 2568 quaereus,

163 2597 201 2643 lre
213 2594 374 2654 medemini,
385 2595 508 2643 interdum
519 2595 661 2654 consistere,
673 2593 698 2642 in
711 2607 794 2644 aurem

163 2683 248 2731 Dieere
259 2683 339 2732 neseio
350 2683 408 2743 quid
418 2697 493 2745 puero
503 2703 512 2744 3
528 2697 585 2731 cnm
595 2682 670 2731 sudor
680 2683 711 2730 ad
721 2682 784 2731 imos

163 2773 276 2820 Muneret
284 2773 358 2830 telos,
371 2772 394 2820 0
404 2781 440 2831 te,
451 2773 555 2831 solane,
567 2771 661 2820 cerebri

164 2858 284 2908 Felieem!
302 2859 396 2908 aiebam
406 2861 503 2920 tacitus,
515 2875 571 2908 cum
582 2859 701 2921 quidlibet
710 2857 753 2906 ille

164 2945 284 3004 Garriret,
295 2946 371 3005 meos,
382 2948 467 2996 urbem
478 2947 594 2996 lauduet.
628 2947 664 2994 Ut
674 2943 711 2992 illi

166 3033 209 3081 Nil
221 3031 405 3094 respondebam,
417 3034 506 3082 Misere
516 3033 594 3094 cupis,
605 3031 694 3091 inquit,
705 3028 781 3087 abire,

166 3120 318 3170 lamdudum
330 3119 413 3168 video:
431 3121 473 3168 sed
484 3121 520 3168 nil
530 3120 597 3180 agis3
613 3132 688 3180 usque
698 3117 796 3175 ueneno,
