2400 3898
186 435 233 484 296
426 434 465 486 Q„
475 431 615 480 HORATII
632 431 750 482 FLAOCI

187 559 304 619 Reddere,
315 560 353 607 vel
365 566 444 621 partes
456 559 558 606 mimum
570 565 673 608 tractare
684 559 814 610 secundas:

185 648 255 696 Alter
267 647 360 696 rixatur
371 647 401 695 dc
412 648 469 694 lana
477 661 540 708 saepe
550 646 658 708 caprina,

187 735 325 796 Propugnat
335 734 404 795 nugis
416 741 539 795 armatus;
556 734 656 793 scilieet,
669 742 753 783 utnon

187 821 224 870 Sit
235 823 295 870 mihi
307 824 386 884 prima
397 823 466 882 fides,
478 831 503 870 et
514 837 569 870 vere
580 823 644 883 quod
654 824 733 884 placet
742 830 770 871 ut
782 837 831 872 uon

186 910 282 959 Acriter
292 913 403 974 elacrem,
415 910 519 974 pretium
530 920 588 960 aetas
600 912 676 958 altera
687 910 777 958 sordet.

186 1001 324 1062 Ambigitur
335 1001 393 1062 quid
403 1001 487 1047 enim?
525 1001 610 1048 Castor
622 999 682 1046 sciat
693 1011 724 1046 an
736 997 853 1048 Dolichos
866 999 940 1060 plus;

186 1089 344 1138 Brundisium
356 1087 450 1135 Minuci
461 1087 547 1135 melius
559 1087 598 1134 via
607 1087 688 1145 ducat,
700 1100 731 1134 an
742 1085 814 1148 Appi.

188 1179 268 1232 Quem
278 1177 395 1224 damnosa
404 1178 495 1234 Venus,
508 1188 581 1236 quern
592 1189 698 1235 praeceps
709 1175 762 1222 alea
773 1174 858 1233 nudat,

189 1265 274 1314 Gloria
284 1279 355 1325 quem
366 1278 439 1326 snpra
448 1264 510 1312 vires
521 1271 545 1310 et
555 1263 627 1310 restit
637 1271 661 1312 et
672 1263 767 1324 unguit,

189 1354 268 1406 Quem
279 1360 345 1400 tenet
355 1353 446 1411 argenti
458 1352 510 1400 sitis
522 1351 660 1414 impormna
669 1353 802 1413 famesque,

189 1440 268 1492 Quem
279 1439 424 1500 paupertatis
436 1439 514 1500 pudor
525 1447 549 1486 et
560 1439 625 1498 fuga,
636 1439 702 1487 dives
714 1439 814 1498 amicus,

189 1527 257 1588 Saepe
268 1526 351 1573 decem
361 1526 425 1573 vitiis
436 1526 589 1585 instructior,
601 1526 652 1574 odit
663 1535 687 1574 et
697 1528 793 1575 horret:

188 1614 248 1673 Aut,
260 1612 280 1660 si
292 1627 342 1660 non
354 1613 415 1672 odit,
427 1613 499 1674 regit:
517 1628 555 1673 ac,
567 1615 642 1662 veluti
653 1615 692 1676 pia
704 1623 789 1673 mater,

189 1700 247 1748 Plus
258 1715 330 1761 quam
342 1715 367 1749 se
378 1714 460 1763 sapere
470 1709 495 1766 et
505 1700 634 1749 virtutibus
645 1715 697 1749 csse
707 1700 813 1762 priorem

188 1789 261 1837 Vult:
279 1797 304 1836 et
314 1789 348 1836 ait
359 1803 433 1851 prope
443 1803 499 1836 vera
506 1808 514 1850 3
533 1791 595 1836 Mete
612 1789 767 1852 (contendere
779 1789 842 1848 noli)

188 1878 322 1926 stultitiam
333 1878 455 1940 patiuntur
466 1892 540 1940 opes3
558 1877 601 1925 tibi
612 1880 711 1940 parrula
722 1893 760 1926 res
771 1887 821 1927 est:

186 1966 262 2014 Arcta
272 1966 339 2014 decet
349 1979 435 2014 sanum
445 1965 559 2014 comitem
569 1973 641 2026 toga;
659 1964 741 2014 desine
749 1979 844 2014 mecum

188 2053 301 2102 certare?
328 2055 472 2116 Eutrapelus
483 2053 615 2115 cuiumue
626 2067 713 2104 nocere
722 2055 828 2112 volebat,

187 2140 337 2188 Vestimenta
348 2140 419 2188 dabat
430 2140 549 2202 pretiosa:
568 2141 650 2188 beatus
662 2139 728 2188 enim
736 2141 788 2198 jam

188 2228 252 2277 Cum
263 2228 370 2290 pulchris
382 2229 469 2276 tunicis
481 2235 561 2276 sumet
571 2242 634 2276 nova
645 2227 781 2278 consiliaet
793 2241 863 2290 spes;

187 2315 299 2363 Dormiet
309 2315 334 2364 in
346 2317 443 2378 lucem;
460 2325 541 2365 scorto
553 2324 682 2378 postponet
692 2317 823 2366 honestum

187 2400 299 2449 Officium
305 2421 313 2462 3
331 2417 445 2450 nummos
456 2402 549 2450 alienos
560 2411 640 2464 pascet
646 2423 654 2464 ;
672 2403 703 2450 ad
714 2403 791 2452 imum

110 2491 113 2498 “
186 2487 268 2536 Threx
280 2487 337 2547 erit,
349 2489 497 2536 autoiitoris
508 2497 562 2550 aget
574 2489 683 2540 mercede
697 2491 825 2540 caballum.

185 2579 309 2630 Arcanum
319 2588 397 2635 neque
408 2581 435 2622 tu
446 2576 590 2624 scrutaberis
599 2576 665 2628 illius
677 2591 801 2638 unquam3

187 2662 399 2726 &maturumque
409 2671 485 2726 teges,
497 2672 522 2712 et
531 2665 589 2714 vino
600 2673 679 2714 tortus
691 2675 715 2714 et
726 2666 771 2714 ira.

186 2755 238 2802 Nec
249 2760 292 2800 tua
301 2752 410 2802 laudabis
422 2752 511 2813 studia,
524 2761 566 2802 aut
577 2753 657 2802 aliena
668 2754 797 2816 reprendes
807 2773 815 2815 3

186 2841 248 2899 Nec,
259 2854 315 2889 cum
326 2841 408 2890 venari
419 2843 484 2890 volet
495 2842 547 2902 ille,
560 2841 674 2904 podmata
685 2857 782 2904 panges.

186 2927 270 2976 Gratia
279 2929 315 2977 sic
325 2929 428 2979 fratrum
440 2930 603 2992 geminorum,
615 2931 762 2993 Amphionis
770 2939 842 2992 atque

185 3014 265 3074 Zethi,
277 3015 392 3078 dissiluit,
404 3019 481 3068 donec
492 3026 602 3081 suspecta
612 3031 695 3067 severo
