2438 3860
236 521 282 568 156

487 520 517 572 Q.
531 518 671 569 HORATII
688 518 805 568 mccl

331 649 384 695 Hoc
395 644 508 694 delibutis
520 646 572 693 ulta
582 644 654 694 donis
669 645 794 707 pellicem,

361 735 477 796 serpente
488 733 551 794 fugit
561 733 628 781 alite.

235 849 239 856 ·
329 824 380 870 Neo
390 828 473 870 tantis
483 835 592 882 unquam
603 821 711 870 siderum
722 820 812 870 insedit
822 834 898 884 vapor

362 909 498 960 siticulosae
511 890 642 973 Appenino}

329 1003 380 1049 Nec
391 1015 480 1049 munus
491 1000 602 1049 humeris
614 999 716 1049 efficacis
729 998 842 1048 Herculio

362 1088 452 1140 lnarsit
462 1085 600 1138 aestuosius.

331 1179 375 1238 At,
386 1177 407 1226 ei
419 1177 477 1239 qnid
488 1191 596 1240 unquam
607 1178 657 1226 tale
668 1175 845 1240 concupiveris,

363 1269 453 1316 Jooose
463 1269 596 1327 Maenas,
607 1281 694 1330 pretor

331 1357 433 1403 Manum
444 1356 526 1417 puella
536 1356 603 1403 novio
615 1363 723 1418 opponat
732 1363 786 1415 tno,

364 1443 481 1491 Extrema
491 1451 516 1492 et
525 1443 552 1490 in
562 1443 656 1506 sponda
668 1445 747 1491 cubet.

576 1747 642 1797 ODE
661 1747 703 1795 lv.

562 1930 589 1966 IN
612 1930 716 1966 ninum.

336 2107 415 2154 Lueis
426 2113 451 2154 et
461 2103 529 2166 agnis
540 2113 632 2166 quanto
641 2097 728 2154 sortito
739 2102 834 2164 obtigit,

368 2194 459 2240 Tecum
471 2191 531 2239 mihi
543 2192 664 2240 discordia
674 2199 721 2252 eet,

338 2277 435 2329 Ibericis
447 2285 543 2340 peruste
554 2278 652 2328 funibus
664 2281 738 2339 latus,

369 2369 401 2414 Et
411 2380 483 2414 crura
492 2366 554 2414 dura
563 2367 677 2430 oompode
687 2387 693 2416 ι

337 2454 404 2501 Lioet
414 2454 530 2514 superbus
539 2456 647 2502 ambules
659 2457 771 2517 pecunia,

370 2541 478 2588 Fortuna
489 2554 538 2588 non
552 2549 630 2589 mutat
640 2555 724 2602 genus.

338 2626 452 2688 Videsne,
465 2628 564 2677 Sacram
576 2627 690 2679 metiente
702 2636 726 2678 te
737 2629 800 2678 viam

365 2719 434 2767 ‚Cum
445 2718 482 2768 bis
493 2726 531 2768 ter
541 2719 656 2768 ulnarum
667 2727 734 2780 toga,

341 2809 376 2857 Ut
388 2821 431 2856 ore
440 2813 518 2856 vertet
528 2808 576 2856 huc
586 2815 611 2856 et
621 2809 669 2858 huc
681 2809 792 2858 euntium

236 2929 238 2932 -
306 2945 308 2950 ,
373 2895 506 2945 Liberrima
518 2895 670 2958 indignatio?

342 2988 426 3034 sectus
437 2985 537 3063 ingellie
548 2986 588 3036 hic
601 2986 814 3050 'iiiumvirolibun

375 3077 496 3127 Praeoonis
506 3078 537 3127 nd
547 3078 681 3142 fastidium,
