2400 3898
388 481 431 527 DE
449 479 535 529 ARTE
554 481 707 534 POETICA.
901 491 952 537 329*

146 602 189 651 Sic
200 602 274 652 etiam
285 604 372 654 fidibus
383 621 453 656 voces
465 614 564 658 crevere
572 611 672 672 severis,

146 691 181 739 Et
192 691 249 741 tulit
259 694 383 755 eloquium
394 695 520 746 insolitum
532 699 645 748 fecundia
656 715 779 764 praeoeps3

88 765 92 769 ’
146 778 301 842 Utiliumque
312 795 383 844 sagax
394 799 489 852 rerum,
501 793 525 834 et
536 786 617 834 divina
628 788 715 849 futuri,

146 865 274 929 Sortilegis
286 885 335 919 non
348 871 478 934 discrepuit
489 875 609 922 sententia
620 876 728 938 Delphis.

147 955 263 1006 Carmine
275 959 317 1020 qui
327 960 417 1022 tragico
429 959 502 1026 vilem
514 962 614 1028 certavit
625 964 657 1011 ob
668 964 774 1025 hircum,

146 1046 210 1094 Mox
221 1047 295 1096 etiam
306 1056 411 1110 agrestes
422 1051 520 1114 Satyros
533 1052 642 1113 nudavit,
656 1062 680 1102 et
691 1068 760 1116 asper

146 1134 267 1183 Incolumi
277 1137 391 1198 gravitate
398 1140 482 1199 jocum
495 1141 605 1202 tentavit,
617 1156 646 1190 eo
659 1143 724 1204 quod

145 1222 270 1273 illecebris
281 1234 334 1275 erat
344 1234 369 1275 et
379 1235 447 1288 grata
457 1228 563 1278 novitate
575 1232 706 1280 morandus

147 1311 284 1386 Spectator,
295 1314 442 1378 functusque
453 1317 537 1378 sacris,
549 1326 574 1366 et
584 1328 666 1381 potus,
678 1327 703 1369 ct
714 1320 794 1368 exlex.

145 1400 238 1466 Verum
250 1401 285 1450 ita
296 1403 396 1465 risores,
409 1405 443 1453 ita
454 1405 625 1456 commendare
636 1407 729 1457 dicaces

147 1487 282 1538 Conveniet
293 1491 402 1554 Satyros,
413 1493 449 1541 ita
458 1501 552 1543 vertere
563 1495 626 1544 seria
636 1496 712 1558 lud03

146 1577 184 1624 Ne
195 1577 332 1640 quicunque
341 1580 411 1641 deus,
423 1581 560 1644 quicunque
572 1579 724 1634 adhibebitur
734 1586 816 1644 heros,

145 1665 229 1725 Regali
240 1675 381 1728 conspectus
392 1667 418 1715 in
430 1657 491 1718 auro
502 1684 580 1731 nuper
591 1679 615 1719 et
626 1679 708 1732 ostro,

144 1753 235 1815 Migret
245 1754 271 1803 in
282 1757 397 1804 obscuras
408 1757 497 1804 humili
509 1771 621 1807 sermone
633 1760 744 1808 tabernas
754 1780 761 1821 ;

144 1845 205 1903 Aut,
214 1842 273 1891 dum
285 1842 344 1892 vitat
354 1844 468 1904 humum,
480 1847 556 1893 nubes
565 1853 590 1893 et
600 1846 682 1896 inania
692 1855 778 1910 captet.

145 1931 248 1981 Effirtire
259 1933 323 1980 leves
334 1932 434 1992 indigns
444 1933 560 1994 tragoedia
571 1947 665 1995 versus,

144 2021 180 2068 Ut
191 2018 258 2068 iestis
269 2015 381 2079 matrona
391 2020 483 2069 moveri
491 2023 561 2081 jussa
572 2021 667 2081 diebus,

144 2108 257 2157 intererit
268 2109 359 2172 Satyris
372 2111 472 2172 paulum
481 2110 622 2173 pudibunda
632 2112 759 2174 protervis.

143 2205 199 2251 Non
209 2217 253 2264 ego
264 2203 376 2252 inornata
387 2213 413 2253 et
423 2204 575 2253 dominantia
586 2183 687 2253 nomina
698 2204 778 2252 solum

143 2292 279 2353 Verbaque,
292 2293 403 2353 Pisones,
415 2295 557 2356 Satyrorum
569 2293 672 2355 scriptor
682 2293 785 2353 amabo,

146 2383 196 2430 Nee
208 2381 242 2430 sic
251 2381 331 2430 enitar
341 2383 432 2444 tragico
442 2382 538 2430 differre
549 2380 637 2442 colori,

146 2470 180 2517 Ut
191 2468 253 2516 nihil
263 2468 359 2518 intersit
370 2471 483 2518 Davusne
493 2471 607 2532 loquatur
619 2477 644 2518 et
654 2469 733 2518 audax

144 2558 240 2620 Pythias
251 2565 365 2606 emuncto
377 2560 470 2608 lucrata
481 2559 580 2628 Simone
591 2539 722 2619 talentum,

144 2650 182 2694 An
193 2653 274 2694 custos
284 2647 439 2708 famulusque
449 2647 487 2696 dei
501 2647 598 2696 Silenus
610 2648 713 2696 alumni.

143 2736 180 2783 Ex
191 2741 250 2783 noto
261 2735 344 2784 fictum
356 2750 453 2786 carmen
466 2729 562 2799 sequar,
574 2745 603 2785 ut
613 2737 659 2785 sibi
672 2736 749 2798 quivis

143 2826 227 2887 Speret
236 2823 316 2886 idem;
334 2825 404 2873 sudet
414 2827 530 2885 multum,
542 2826 680 2886 frustraque
690 2823 786 2872 laboret

143 2914 222 2960 Ausus
234 2911 312 2960 idem:
329 2919 424 2961 tontum
434 2913 507 2962 series
516 2915 678 2974 juncturasque
688 2913 781 2974 pollet3

144 3001 249 3048 'lautum
261 2999 381 3048 demedio
393 3001 480 3049 sumtis
492 3000 583 3050 accedit
593 2999 704 3049 honoris.

143 3087 212 3138 Silvis
222 3088 318 3138 deducti
328 3095 438 3148 caveant,
449 3103 488 3138 me
496 3088 589 3150 judice,
601 3087 689 3148 Fauni,
