2432 3874
271 527 319 574 206
513 525 543 576 Q·
561 521 700 572 Hoaarll
717 521 834 573 Flacci

270 651 390 708 Vulcano,
403 663 525 698 summum
535 648 678 710 properabat
689 649 795 698 lambere
807 657 905 700 motum.

270 736 388 786 Convivas
400 735 481 784 avidos
492 748 586 784 coenam
598 748 725 796 servosque
736 736 849 786 timentes

269 827 334 873 'lum
345 837 439 886 rapere,
450 831 520 884 atque
530 835 615 870 omues
627 821 774 882 restinguere
784 825 846 872 velle
857 825 956 874 rideres.

271 911 358 973 Incipit
367 925 398 959 ex
407 910 451 958 illo
463 917 558 958 montes
568 908 674 972 Appulia
684 916 756 958 notos

269 1000 399 1049 Ostentare
410 999 481 1059 mihi,
493 1012 552 1059 quos
564 1005 641 1046 torret
651 999 770 1048 Atabulus
780 1018 788 1061 3
804 1006 830 1047 et
843 1013 903 1062 quos

269 1089 399 1148 Nunquam
410 1100 558 1150 erepsemus,
569 1085 617 1135 uisi
629 1099 674 1134 nos
685 1085 763 1137 vicina
772 1085 863 1136 Trivici

267 1175 332 1224 Villa
343 1175 480 1237 recepisset,
491 1173 619 1222 lacrimoso
631 1188 680 1224 non
693 1173 745 1222 sine
757 1174 835 1236 firmo,

268 1263 336 1312 Udos
346 1277 402 1311 oum
411 1261 477 1312 foliis
488 1275 568 1310 ramos
579 1269 665 1309 urente
676 1261 780 1310 camino.

267 1349 313 1397 Hic
324 1363 367 1408 ego
378 1347 519 1396 mendacem
530 1347 687 1396 stultissimus
698 1361 774 1409 usque
785 1349 890 1411 puellam

270 1435 309 1483 Ad
320 1434 424 1483 mediam
434 1441 532 1498 pectem
543 1441 669 1496 exspecto:
687 1448 787 1482 somnus
799 1442 879 1484 tamen
891 1436 969 1486 aufert

265 1525 388 1570 Intentum
398 1521 504 1582 Veneri3
520 1528 573 1568 tum
582 1521 708 1570 immundo
718 1523 813 1572 somnia
823 1523 876 1572 visu

265 1612 414 1657 Nocturnam
425 1615 516 1656 vestem
527 1608 659 1668 maculant,
669 1615 825 1671 ventremque
836 1611 956 1675 supinum.

265 1700 385 1751 Quattuor
395 1695 452 1744 binc
463 1696 570 1758 rapimur
580 1695 665 1758 viginti
676 1704 700 1746 et
711 1696 789 1746 millia
800 1699 891 1762 rhedis,

264 1786 374 1836 Mansuri
385 1787 511 1850 oppidulo,
523 1787 588 1848 quod
598 1799 669 1836 versu
681 1786 759 1836 dicere
771 1797 879 1849 nonest,

264 1878 343 1940 Signia
355 1877 467 1940 perfacile
478 1885 528 1926 est:
545 1875 611 1926 venit
620 1876 737 1926 vilissima
747 1891 829 1926 rerum

263 1967 309 2015 Hic
321 1981 398 2028 aqua;
420 1967 462 2014 sed
472 1966 541 2029 panis
552 1967 624 2027 longe
633 1966 819 2030 pulcherrimus,
830 1966 896 2014 ultra

264 2056 370 2106 Callidus
381 2063 409 2104 ut
420 2057 497 2104 soleat
506 2056 614 2105 humeris
625 2063 722 2117 portare
730 2056 822 2118 viator3

262 2147 325 2192 Nam
338 2142 428 2192 Canusi
439 2142 577 2204 lapidosus:
595 2157 661 2204 aqum
674 2157 724 2191 non
735 2143 807 2192 ditior
818 2155 897 2205 urna;

262 2230 311 2285 Qui
318 2232 385 2278 locus
397 2243 412 2278 a
422 2229 479 2278 forti
491 2229 608 2278 Diomede
618 2236 654 2277 est
666 2229 776 2278 conditus
785 2229 853 2278 olim.

262 2318 385 2367 Flentibus
397 2318 436 2366 hic
447 2318 534 2367 Varius
543 2317 644 2368 discedit
654 2325 755 2366 moestus
767 2317 857 2366 amieis.

260 2403 319 2450 lnde
331 2404 412 2456 Rubos
423 2404 481 2452 fessi
492 2405 655 2464 pervenimus,
667 2412 751 2466 utpote
761 2405 860 2464 longum

260 2492 389 2550 Carpentes
401 2488 457 2547 iter,
469 2497 493 2535 et
504 2490 594 2536 factum
604 2490 741 2550 corruptius
752 2489 833 2537 imbri.

259 2580 358 2626 Postera
367 2582 496 2636 tempestas
507 2573 611 2633 melion
627 2573 667 2619 via
677 2576 744 2634 pejor
756 2574 861 2634 adusque

258 2663 316 2713 Bari
327 2662 418 2711 moenia
427 2661 531 2723 piscosi:
551 2659 606 2732 dein
618 2660 706 2708 Gnatia
717 2660 821 2723 lymphis

261 2753 331 2802 lratis
343 2759 464 2801 exstructa
474 2748 539 2799 dedit
549 2748 659 2808 risusque
668 2748 800 2810 jocosque3

259 2844 323 2890 Dum
335 2833 505 2899 demaine,
516 2846 572 2886 tura
581 2837 713 2897 liquescere
723 2835 808 2885 limine
820 2849 887 2884 sacro

258 2928 404 2978 Persuadere
415 2926 488 2990 cupit.
522 2925 610 2974 Credat
619 2925 634 2974 J
637 2922 718 2972 udaeam
730 2923 826 2986 Apella,

259 3017 315 3064 Non
327 3030 384 3075 ego:
402 3028 504 3076 namque
516 3014 572 3062 deos
584 3010 655 3062 didici
666 3025 776 3062 securum
788 3026 857 3074 agere
869 3027 963 3074 aevum3
