2432 3874
259 545 306 593 212
494 539 525 590 Q.
543 537 681 589 Hortarii
699 540 815 590 Pulcer

566 851 684 898 saulus
700 851 755 897 Vll.

264 1023 416 1070 Psoscmrrr
429 1020 500 1081 Regis
512 1018 593 1082 Rupili
604 1035 649 1082 pus
661 1027 732 1081 atque
742 1033 862 1069 venenum

264 1109 345 1157 lbrids
354 1123 402 1169 quo
414 1116 483 1170 pacto
495 1108 527 1156 sit
537 1108 634 1156 Persius
645 1109 721 1166 ultus,
732 1108 820 1170 opinor

264 1195 385 1245 Omnibus
396 1201 421 1243 et
431 1195 502 1257 lippis
514 1203 600 1243 uotum
610 1202 635 1243 et
645 1194 783 1242 tonsoribus
795 1207 856 1242 esse.

264 1285 362 1333 Persius
373 1284 413 1333 hic
423 1297 552 1346 permagna
563 1284 659 1344 negotia
667 1283 736 1331 dives
743 1284 845 1331 habebat

267 1371 431 1429 Clazomenis,
443 1371 516 1418 etiam
528 1370 583 1417 lites
595 1383 650 1417 cum
662 1371 725 1429 Rege
737 1370 867 1432 molestas3

267 1460 349 1507 Durus
360 1460 446 1516 homo,
457 1465 528 1517 atque
538 1456 595 1504 odio
606 1456 647 1516 qui
658 1465 739 1517 posset
748 1457 843 1505 vincere
855 1459 959 1520 Regem

272 1546 413 1604 confidens,
423 1543 592 1604 turmidusque;
609 1544 668 1591 adeo
680 1545 799 1592 sermonis
810 1545 896 1605 amari,

271 1635 396 1692 Sisenuas,
408 1634 497 1680 Barros
508 1640 536 1679 ut
545 1631 612 1692 equis
623 1641 780 1694 precurreret
790 1634 859 1682 albis.

272 1723 311 1770 Ad
323 1723 412 1782 Regem
423 1721 510 1770 redeo:
528 1728 654 1784 postquam
665 1721 727 1770 nihil
738 1722 802 1770 iuter
811 1731 939 1785 utrumque

272 1810 392 1858 Convenit
407 1811 462 1874 (hoc
473 1809 563 1858 etenim
576 1817 632 1857 sunt
643 1823 727 1857 omnes
736 1811 792 1870 jure
803 1811 910 1871 molesti,

272 1901 326 1952 Quo
340 1898 425 1958 fortes,
436 1891 522 1960 quibus
534 1898 658 1947 adversum
670 1898 761 1946 bellum
771 1897 862 1948 incidit.
896 1902 962 1948 luter
1036 1882 1044 1892 ⁸

274 1973 379 2034 Hectora
389 1987 537 2047 Priamiden,
549 1987 685 2036 animosum
697 1995 766 2049 atque
777 1988 840 2036 iuter
852 1988 971 2037 Achillem

273 2076 313 2122 lra
324 2075 370 2123 fuit
380 2075 498 2137 capitalis,
510 2083 537 2124 ut
547 2077 634 2124 ultima
645 2076 760 2124 divideret
771 2090 852 2124 mors:

275 2165 332 2211 Non
344 2163 417 2210 uliam
428 2165 460 2211 ob
471 2177 577 2221 causam,
589 2164 636 2211 uisi
647 2163 711 2224 quod
722 2163 797 2211 virtus
809 2163 834 2210 iu
846 2170 960 2224 utroque·

276 2253 377 2299 Summa
387 2251 441 2299 fuit.
474 2253 528 2300 Duo
540 2252 561 2299 si
572 2251 692 2298 discordia
702 2258 772 2298 vexet
783 2250 888 2313 inertem

277 2340 327 2386 Aut
338 2338 359 2386 si
371 2339 504 2400 disparibus
515 2340 606 2387 bellum
618 2339 717 2399 incidat,
728 2345 755 2386 ut
766 2339 879 2387 Diomedi
917 2371 918 2376 ,

278 2425 339 2470 Cum
351 2425 423 2485 Lycio
435 2427 543 2486 Glauco3
560 2425 665 2474 discedet
675 2426 774 2487 pigrior,
786 2427 852 2474 ultro

277 2510 420 2558 Muneribus
431 2509 520 2569 missis)
537 2513 614 2557 Bruto
625 2514 730 2558 Praetore
742 2518 840 2558 tenente

279 2597 359 2645 Ditem
371 2595 465 2653 Asiam,
477 2593 559 2657 Rupili
570 2602 594 2642 et
606 2593 674 2643 Persi
685 2609 727 2657 par
737 2604 836 2656 pugnat,
848 2597 884 2644 uti
897 2612 946 2646 uon

282 2683 447 2746 Compositum
456 2683 543 2732 melius
554 2697 610 2731 cum
621 2683 694 2731 Bitho
705 2684 821 2733 Bacchius
831 2705 839 2747 3
856 2686 931 2747 injus

279 2774 353 2820 Acres
364 2778 518 2834 procurrunt,
530 2785 643 2831 maguum
654 2773 814 2834 spectaculum
825 2781 934 2836 uterque.

283 2862 378 2909 Persius
389 2860 489 2922 exponit
500 2873 606 2918 causam,
618 2859 709 2909 ridetur
720 2861 750 2908 ab
761 2861 829 2910 omni

284 2949 426 3011 Conventu3
443 2948 524 2997 laudet
537 2950 650 3007 Brutum,
662 2947 789 3010 laudatque
800 2950 941 3014 cohortem3

285 3037 366 3088 Solem
378 3038 443 3085 Asiae
453 3040 556 3086 Brutum
568 3037 686 3100 appellat3
704 3039 832 3099 stellasque
844 3040 962 3100 salubres,

284 3125 396 3187 Appellat
407 3127 517 3187 comites,
528 3134 627 3189 excepto
639 3127 717 3190 Regu
734 3138 818 3176 canem
828 3128 910 3189 illum,
