2400 3898
381 463 626 518 EPISTOLARUM
637 469 699 518 ΗΒ.
712 471 744 518 11.
761 469 778 518 i.
930 472 974 518 311

181 597 273 643 Verum
284 609 327 656 age
338 603 363 644 et
372 595 421 658 his,
432 596 510 658 quise
521 596 607 645 lectori
617 596 715 646 credere
727 598 832 657 malunt,

182 686 261 739 Quam
274 685 413 748 spectatoris
426 686 522 734 fastidia
532 685 597 735 lerre
607 687 715 750 superbi,

78 773 86 782 '
184 773 274 822 Curam
286 773 359 823 redde
370 776 484 837 brevem;
503 775 523 823 si
536 790 625 824 munus
636 763 751 838 Apolline
761 775 862 836 dignum

181 860 224 910 Vis
235 864 357 926 complere
367 862 448 923 libris,
460 863 590 911 etvatibus
600 863 688 912 addere
699 865 788 924 ealoar,

182 950 218 998 Ut
228 949 308 998 studio
319 951 411 1010 majore
422 957 505 1012 petant
517 949 638 1015 llellconp
647 949 775 998 virentem.

181 1038 263 1100 Multa
272 1029 369 1100 quidem
380 1039 451 1086 nobis
463 1037 565 1086 iacimus
578 1038 643 1086 mala
654 1051 717 1099 saepe
730 1039 822 1096 Poetae,

187 1126 234 1189 (Ut
244 1125 325 1174 viudta
333 1133 428 1187 egomet
438 1126 529 1177 medam.
540 1124 604 1188 mea)
619 1139 675 1174 cum
686 1125 731 1173 tibi
741 1125 833 1173 librum

184 1212 285 1262 Solicito
296 1213 392 1273 danim,
404 1223 447 1264 aut
454 1216 533 1278 fess03
551 1229 607 1263 cum
618 1213 741 1273 laedimur,
752 1227 830 1261 unum

98 1366 101 1372 Ι
185 1301 211 1349 Si
223 1301 277 1363 quis
288 1301 421 1350 amisorum
433 1310 470 1351 est
481 1316 552 1352 ausin
564 1302 709 1366 reprendere
720 1315 817 1350 versum
826 1321 849 1360 ς.

186 1390 249 1438 Cum
260 1390 315 1438 loca
322 1392 373 1450 jam
385 1390 485 1440 recitato
495 1391 639 1441 revolvimus
651 1390 794 1450 irre‘voosti3

186 1479 249 1527 Cum
259 1480 432 1538 lamentamur,
444 1495 494 1528 non
507 1493 622 1542 apparere
632 1481 729 1527 labores

187 1565 301 1626 Nostros,
310 1575 335 1615 et
345 1567 412 1616 tenui
424 1567 527 1616 deducta
537 1565 652 1630 poemata
663 1567 720 1614 filo:

185 1656 248 1702 Cum
261 1669 385 1717 speramus
397 1669 426 1703 eo
437 1669 490 1702 rem
500 1663 639 1715 venturam,
650 1662 688 1714 ut,
700 1655 773 1702 simul
785 1661 856 1714 atque

188 1743 302 1791 Carmina
313 1741 423 1791 rescieris
435 1756 480 1804 nos
493 1742 593 1802 lingere,
605 1741 747 1790 commodus
759 1741 827 1789 ultro
924 1751 931 1758 ·

188 1832 312 1890 Arcessas,
325 1838 349 1878 et
361 1815 430 1891 egere
440 1837 516 1889 vetes,
528 1836 553 1877 et
561 1829 667 1878 scribere
677 1842 755 1890 cogas.

189 1918 237 1966 Sed
247 1925 328 1966 tamen
337 1924 375 1966 est
385 1931 464 1979 opere
476 1916 581 1980 pretinm
591 1930 746 1977 cognoscere,
757 1915 840 1977 quales

189 2005 301 2054 AEdituos
311 2006 399 2055 habeat
408 2006 467 2054 belli
478 2010 584 2067 spectata
594 2003 709 2065 domique

190 2093 284 2154 Virtus,
296 2093 395 2154 indigno
407 2107 457 2141 non
468 2092 642 2141 committenda
651 2089 739 2155 podtae.

95 2251 97 2257 ,
192 2183 281 2230 Gratiis
292 2181 433 2230 Alexandro
445 2181 495 2242 regi
507 2183 597 2242 Magno
608 2179 655 2228 fuit
665 2179 708 2227 ille

191 2268 324 2329 Choerilus,
332 2268 430 2318 incultis
442 2269 483 2330 qui
493 2269 602 2317 versibus
612 2275 637 2316 et
647 2267 711 2316 male
722 2267 785 2315 natis
860 2321 864 2333 .

192 2357 296 2406 Rettulit
302 2363 422 2419 acoeptos,
435 2357 514 2417 regale
525 2355 656 2414 nomisma,
668 2354 801 2418 Philippos.

193 2443 241 2492 Sed
250 2443 326 2493 veluti
337 2451 439 2492 tractata
450 2444 672 2504 notamlabemque
683 2443 811 2494 remittunt

193 2534 346 2592 Atramenta,
359 2531 409 2580 lere
421 2531 549 2594 scriptores
560 2532 667 2580 carmine
679 2531 745 2580 ioedo

195 2619 325 2684 Splendida
336 2620 399 2670 laeta
409 2619 499 2668 linunt.
534 2619 600 2669 Idem
611 2634 655 2670 rex
666 2621 719 2680 ille,
730 2624 817 2682 poema

195 2709 244 2763 Qui
251 2717 303 2757 tam
313 2709 443 2759 ridiorlum
453 2717 503 2758 tam
512 2723 567 2758 care
577 2709 691 2772 prodigus
702 2708 772 2767 emit,

101 2815 103 2822 ·
196 2796 282 2846 Edicto
292 2798 370 2846 vetuit
380 2812 411 2847 ne
422 2797 475 2860 quis
487 2813 523 2858 se,
536 2806 624 2861 prater
635 2797 750 2859 Apellen,

196 2887 320 2948 Pingeret,
331 2893 373 2935 aut
383 2887 445 2937 alius
456 2886 559 2950 Lysippo
571 2886 669 2934 duoeret
679 2897 728 2933 aera
801 2899 805 2902 ·

199 2976 278 3025 Fortis
289 2974 423 3024 Alexandri
432 2977 527 3024 vultum
537 2971 685 3023 simulantia.
720 2971 792 3024 Quod
803 2969 824 3018 si

198 3063 323 3113 ¹iudicium
334 3061 422 3112 subtile
432 3062 540 3134 videndis
552 3061 643 3109 artibus
653 3058 715 3107 illud
