2400 3898
333 499 571 550 EPISTOLARUM
588 500 651 548 LIB.
668 500 689 548 1.
704 499 721 549 i.
891 501 938 550 265

136 627 162 677 Si
174 627 247 677 modo
256 627 358 678 cultura
369 627 500 691 patientem
511 627 650 676 commodet
659 639 751 677 aurem

136 717 220 767 mrnn
230 725 267 767 est
278 717 362 767 vitium
374 718 466 779 fugem,
479 724 504 766 et
514 715 633 780 sapientia
641 717 720 780 prima

136 805 244 856 Stultitia
253 806 366 856 duruisse.
398 806 482 866 Vides,
493 819 547 868 quae
558 806 667 856 maxima
676 805 755 855 credis

136 895 196 944 Esse
208 895 282 955 mdo,
294 893 409 956 exiguum
419 908 530 954 cenem,
542 902 686 956 turpemque
696 895 830 957 reponam,

137 984 234 1037 Quamo
244 982 335 1032 devites
347 983 423 1032 animi
433 982 565 1045 capitisque
576 983 668 1030 labore.

136 1071 240 1134 Impiger
250 1079 373 1122 extremos
383 1071 461 1122 curris
473 1079 594 1120 mercator
605 1069 636 1118 ad
647 1069 732 1130 Indos,

136 1160 183 1208 Per
195 1173 262 1208 mare
272 1160 410 1223 pauperiem
421 1159 526 1220 fugiens,
537 1172 581 1221 per
592 1171 661 1218 saxa,
672 1172 716 1221 per
727 1157 810 1218 ignes:

136 1248 175 1296 Ne
184 1261 254 1296 mnes
265 1261 294 1296 ea
304 1262 357 1308 qum
367 1247 442 1296 stulte
453 1244 550 1296 mirmis
561 1253 586 1294 et
595 1254 675 1310 optas,

135 1334 233 1384 Discere
244 1342 269 1384 et
278 1335 364 1396 audire
374 1342 399 1384 et
409 1333 505 1384 meliori
515 1333 614 1383 erodere
624 1348 675 1382 non
686 1333 742 1382 vis?

137 1423 197 1478 Quis
208 1423 301 1473 circum
312 1438 385 1487 pagos
397 1432 422 1472 et
432 1423 524 1472 choum
533 1422 639 1486 compita
649 1435 747 1485 pugnax

136 1513 226 1573 Magna
235 1511 348 1560 coronari
359 1518 500 1562 contemnat
512 1510 636 1574 Olympia,
647 1511 687 1558 cui
699 1524 764 1574 spes,

138 1599 184 1650 Cui
194 1600 227 1650 sit
236 1600 344 1650 conditio
354 1600 432 1650 dulcis
443 1599 496 1650 sine
507 1601 605 1663 pulvere
615 1601 719 1663 mimas?

135 1689 214 1738 Vilius
226 1696 352 1751 argentum
363 1696 400 1738 est
411 1701 481 1748 auno,
492 1689 621 1737 virtutibus
633 1701 729 1736 summ.

138 1778 160 1827 0
171 1777 245 1838 cives,
256 1778 330 1839 cives,
341 1777 472 1840 querenda
481 1776 583 1840 pecunia
592 1775 699 1838 primum
710 1783 757 1836 est,

137 1863 221 1912 Virtus
232 1871 287 1926 post
298 1877 426 1914 nummos:
443 1863 496 1912 heo
506 1865 585 1912 danus
598 1877 708 1911 summus
720 1863 750 1910 nb
761 1861 812 1910 imo

138 1952 270 2015 Prodoeet;
287 1952 340 2000 haee
351 1951 463 2001 recinunt
471 1952 573 2010 juvenes
585 1950 675 1998 dietata
685 1961 812 2010 senesque,

92 2073 93 2076 =
138 2043 210 2090 Laevo
222 2039 332 2104 suspensi
343 2039 439 2088 loculos
450 2038 605 2100 tabulamque
615 2039 715 2086 lacerto.

138 2131 184 2178 Est
193 2127 289 2177 animm
300 2127 356 2190 tibi,
366 2134 424 2176 sunt
435 2139 526 2186 mores,
538 2134 576 2175 est
585 2125 670 2187 lingna
679 2124 798 2186 fidesqne=

140 2216 188 2266 Sed
197 2215 378 2279 quadringentis
389 2229 433 2264 sex
444 2221 537 2276 septem
547 2213 626 2262 millia
636 2213 733 2274 desint;

140 2307 211 2355 Plebs
222 2305 280 2354 eris.
312 2307 346 2354 At
357 2304 427 2368 pueri
437 2304 560 2364 ludentes,
571 2306 625 2352 Rex
635 2301 695 2363 eris,
706 2301 785 2361 aiunt,

140 2393 167 2442 si
178 2400 243 2442 recte
255 2391 337 2441 facies.
371 2393 422 2440 Hic
435 2405 520 2440 murus
531 2391 638 2439 aheneus
649 2396 713 2449 esto,

140 2481 183 2530 Nil
194 2481 303 2531 oonscire
314 2480 372 2542 sihi,
383 2481 453 2530 nulls
462 2481 595 2543 pallesoers
605 2479 684 2541 mrlpa.

141 2569 237 2631 Roscia,
248 2569 287 2619 dic
298 2570 379 2630 sodes,
390 2569 541 2628 molimina,
553 2582 584 2616 an
595 2579 728 2630 puerorum
737 2571 775 2614 est

141 2658 238 2718 Naeuia,
249 2672 302 2719 quae
314 2671 416 2719 regnum
427 2663 492 2705 recte
501 2655 646 2704 'iacientibus
657 2655 739 2713 offert,

141 2747 174 2794 Et
184 2743 291 2793 maribus
304 2743 384 2793 Curiis
395 2751 420 2793 et
431 2743 559 2792 decantata
570 2741 700 2792 Camillis?

142 2833 198 2880 lsne
210 2830 254 2880 tibi
266 2829 352 2886 melius
363 2831 458 2891 suadet,
468 2829 521 2893 qui,
532 2844 584 2879 rem
595 2828 686 2889 iacias3
703 2841 766 2885 rem,

142 2919 169 2970 Si
180 2918 258 2982 possis
269 2925 349 2979 recte3
367 2918 388 2966 si
399 2933 460 2979 non,
472 2933 616 2981 quocunqne
627 2915 701 2966 modo
713 2919 782 2976 τὲως

143 3010 179 3058 Ut
189 3005 287 3071 propius
299 3011 391 3068 spectes
401 3005 531 3056 lacrimosa
541 3003 657 3070 podmata
667 3001 742 3065 Pupis

145 3099 183 3146 An
193 3095 245 3158 qui,
257 3095 363 3144 fortunas
373 3101 398 3142 te
410 3108 552 3158 responsare
562 3094 671 3156 snperbae¹
