2400 3898
247 482 296 530 316
488 481 519 533 Q·
537 477 677 528 HORA'l'll
694 479 813 530 succe!

248 611 280 658 Et
290 607 376 658 scidiis
387 621 465 656 annos
476 614 568 669 sepiem
579 605 656 666 dedit,
667 606 822 669 insenuitque

248 697 327 748 Libris
338 697 447 756 escuris,
458 703 537 744 emme
548 695 691 744 melun-nius
703 695 754 746 exit

206 771 211 780 ¹
248 788 402 847 Plerumque,
415 793 439 833 et
450 785 501 834 risu
511 787 629 848 populum
639 785 733 847 quntitz
749 784 788 834 hic
797 799 841 847 ego
854 801 938 836 rerum

249 873 371 923 Fluctibus
380 873 406 922 ln
419 873 515 933 mediis,
527 882 552 922 et
563 874 745 936 tempestatibus
756 874 833 935 urbis,

248 964 327 1012 Verba
338 965 396 1026 lyrae
408 972 505 1012 motura
515 977 604 1014 sonum
615 972 759 1012 connectere
769 963 853 1025 digner
863 967 883 1012 ἓ.
912 985 916 992 ·
964 978 968 982 ·

249 1052 333 1101 Frater
346 1060 399 1100 erat
410 1055 493 1124 Rcmss
504 1053 609 1102 consulu
620 1053 715 1112 rhetor,
726 1059 755 1100 ut
764 1053 826 1101 aller

249 1141 357 1190 Alterius
369 1133 481 1200 sermoni
493 1155 572 1190 meros
584 1140 678 1190 audiret
688 1141 812 1204 hcncrcs3

249 1229 371 1278 Gracchus
382 1237 409 1277 ut
420 1229 459 1277 hic
469 1229 506 1277 illi
519 1230 592 1289 soret,
604 1229 661 1279 huic
671 1237 700 1280 ut
710 1229 807 1278 Mucius
817 1229 868 1278 ille.

250 1314 298 1370 Qui
310 1317 390 1365 minus
402 1325 500 1378 argutos
510 1325 582 1366 veum
592 1318 661 1366 furor
671 1319 718 1366 iste
729 1316 835 1382 poetas?

250 1405 366 1453 Carmina
375 1419 506 1466 compono,
517 1405 558 1454 hic
568 1407 648 1466 elegos
657 1425 666 1466 ;
683 1404 794 1454 mirabile
804 1404 858 1452 visu

250 1493 415 1552 Caeleurmque
426 1506 513 1540 novem
524 1493 604 1541 Musis
615 1507 685 1554 opus.
718 1492 806 1554 Aspice
817 1491 935 1553 primum,

249 1581 346 1633 Quanto
357 1591 413 1626 cum
424 1579 498 1638 iustu,
511 1585 602 1638 quanto
614 1579 741 1628 molimine
752 1579 855 1628 cucum-

249 1667 389 1728 Spcctemus
400 1679 501 1714 vacuam
512 1666 629 1719 Romanis
640 1667 734 1716 vatibus
746 1667 830 1716 mdem.

250 1759 311 1822 lllox
322 1758 406 1818 etiam,
418 1757 439 1806 si
451 1757 514 1806 forte
525 1771 605 1817 vacus,
616 1771 727 1818 sequere,
739 1764 763 1806 et
773 1758 858 1820 procul
869 1758 926 1806 eudi

246 1846 311 1901 Quid
322 1848 394 1907 leret,
405 1855 430 1896 et
441 1861 515 1910 quere
526 1846 573 1896 sibi
583 1854 663 1896 nectat
673 1854 775 1908 uterque
785 1860 910 1896 coronam.

222 1984 224 1988 ,
248 1935 380 1995 Cedimur,
392 1944 417 1984 et
427 1935 529 1984 totidem
540 1927 616 1998 plagis
628 1934 794 1984 consumimus
805 1934 912 1994 hostem,

247 2025 325 2073 lento
337 2023 458 2073 Samnites
470 2024 501 2074 ad
511 2024 605 2072 luminu
615 2023 694 2086 prima
704 2023 795 2072 duello.

247 2112 349 2160 Dlscedo
361 2113 457 2160 Alcoeus
468 2120 558 2174 punccc
570 2111 650 2160 illius:
669 2111 711 2160 ille
722 2124 777 2160 mec
789 2108 861 2170 quis?

247 2201 307 2255 Quis
319 2204 335 2249 ἓ·
347 2201 395 2250 nisi
406 2201 569 2252 Callimachus
580 2203 590 2250 ἓ
610 2189 631 2250 s'l
642 2203 697 2264 plus
708 2201 837 2264 adposcere
847 2196 923 2257 visus,

247 2289 286 2337 Fit
297 2288 469 2351 Mimnermus,
478 2298 503 2339 et
512 2289 594 2353 optivo
605 2290 750 2353 cognomine
760 2287 853 2337 crescit.

247 2377 328 2424 Multa
337 2377 400 2436 lero,
412 2385 440 2426 ut
450 2379 543 2441 placem
553 2393 629 2440 genus
638 2379 857 2444 irritsbilc'vutum,

247 2462 310 2511 Cum
317 2463 407 2523 scribo,
419 2472 444 2512 et
454 2468 556 2528 supplex
567 2468 652 2531 populi
663 2469 775 2532 suffragiu
784 2477 869 2533 cepto:

246 2550 324 2610 Idem,
336 2549 412 2598 finitis
423 2552 519 2614 studiis,
531 2561 556 2603 et
563 2563 645 2606 mente
656 2565 761 2621 recepta,

246 2640 364 2689 Obturem
375 2641 469 2703 patulos
480 2640 579 2705 impune
590 2645 725 2706 legentibus
737 2661 815 2696 sures.

246 2728 364 2778 Ridentur
375 2731 440 2780 mule
450 2729 492 2792 qui
503 2743 653 2792 componunt
663 2735 786 2783 carmina:
803 2748 888 2790 rerum

246 2821 358 2870 Gaudent
369 2821 510 2883 scribentes,
522 2829 547 2871 et
557 2835 583 2871 se
594 2831 750 2895 uenerantur,
762 2831 786 2872 et
798 2825 874 2885 ultro,

246 2907 272 2957 Si
283 2918 372 2970 taceas,
384 2910 485 2960 laudant
495 2910 611 2974 quidquid
620 2909 747 2974 scripsere,
758 2912 831 2962 beau.

244 2997 330 3067 Aequi
341 2995 477 3058 legitimum
487 2999 567 3062 cupiet
578 2999 663 3048 iecisse
672 3002 770 3061 poema,

246 3083 309 3130 Cum
320 3085 407 3134 tabulis
418 3085 527 3160 animum
538 3086 645 3138 censoris
656 3092 735 3135 sumet
746 3085 841 3134 honesti
852 3104 860 3144 ;
