2400 3898
141 743 205 795 Quin
217 742 270 790 sine
280 741 349 789 rivali
360 748 435 802 teque‘
440 749 469 789 et'
474 749 517 790 tua
528 742 594 790 solus
606 754 709 788 amares.

140 831 184 879 Vir
194 831 272 878 bonus
283 838 308 878 et
318 830 422 891 prudens
434 844 517 878 versus
528 829 688 890 reprehendet
700 829 799 887 inertes,

140 916 253 980 Culpabit
263 917 347 978 duros,
359 917 472 966 incomtis
485 911 569 966 allinet
580 923 659 975 atrum
697 955 699 962 .

138 1005 287 1051 Transverso
299 1005 392 1052 calamo
404 1004 508 1063 signum,
521 1003 648 1050 ambitiosa
660 1001 749 1050 recidet

138 1091 297 1158 Ornamenta‚
309 1104 393 1151 parum
404 1091 476 1137 claris
487 1091 566 1138 lucem
577 1091 634 1137 dare
644 1097 723 1150 coget,
783 1139 789 1146 ,

138 1180 230 1239 Arguet
240 1178 350 1238 ambigue
360 1179 461 1237 dictum,
474 1179 588 1226 mutanda
598 1177 708 1238 notabit3

137 1265 190 1315 Fiet
203 1266 370 1314 Aristarchus:
388 1280 438 1313 non
450 1266 522 1325 dicet,
536 1267 585 1314 Cur
597 1280 641 1326 ego
652 1265 756 1312 amicum

138 1354 266 1403 Offendam
278 1353 303 1400 in
316 1353 404 1414 nugis?
425 1355 470 1400 Hae
481 1367 549 1413 nugae
562 1353 624 1400 seria
636 1351 724 1400 ducent

137 1441 166 1488 In
179 1443 244 1489 mala
254 1441 360 1489 derisum
372 1442 446 1488 semel
457 1449 629 1502 exceptumque
641 1440 746 1488 sinistre.
771 1453 774 1462 ’

138 1531 174 1578 Ut
186 1530 250 1577 mala
260 1544 331 1591 quem
345 1529 434 1577 scabies
446 1537 488 1576 aut
499 1531 598 1576 morbus
609 1529 689 1588 regius
701 1536 796 1588 urguet,

136 1619 186 1665 Aut
197 1616 314 1664 fanaticus
326 1630 394 1663 error
405 1623 428 1662 et
438 1615 553 1664 iracunda
565 1615 653 1674 Diana,
666 1602 673 1616 ’

137 1707 258 1752 Vesauum
267 1703 372 1762 tetigisse
384 1703 470 1750 timent
481 1702 623 1762 fugiuntque
633 1700 742 1764 politam,

134 1791 182 1844 Qui
193 1782 305 1852 sapiunt3
323 1790 413 1860 agitem
424 1790 502 1851 pueri,
515 1789 649 1849 incautique
660 1795 800 1849 sequuntur.

138 1879 194 1936 Hic,
208 1879 265 1926 dum
278 1878 387 1926 sublimis
396 1875 481 1926 ‘versus
492 1885 609 1935 ructatur,
622 1884 646 1934 et
656 1883 730 1935 errat,

134 1966 160 2013 Si
172 1966 246 2013 veluti
258 1966 357 2014 merulis
369 1966 475 2013 intentus
487 1965 574 2013 decidit
588 1978 672 2026 auceps
708 1985 710 1990 ·

134 2053 162 2098 ln
174 2059 273 2113 puteum
285 2053 417 2111 foveamve‚
430 2053 495 2111 licet,
506 2051 653 2110 succurrite,
666 2049 766 2110 longum

136 2140 240 2198 Clamet,
256 2141 282 2187 lo
294 2139 372 2187 cives!
391 2154 440 2186 uon
451 2139 483 2186 sit
493 2138 533 2199 qui
544 2139 630 2186 tollere
641 2144 722 2185 curet:

135 2223 162 2293 Si
173 2232 242 2273 curet
252 2225 305 2286 quis
317 2240 387 2288 opem
399 2227 472 2284 ferre,
484 2234 509 2273 et
520 2225 644 2272 demittere
657 2225 749 2283 funem,

134 2311 182 2365 Qui
195 2312 241 2360 scis
253 2327 284 2360 an
296 2313 401 2374 prudens
413 2314 460 2361 huc
471 2327 496 2360 se
508 2311 629 2372 dejecerit,
641 2319 712 2372 atque

133 2400 229 2448 Servari
239 2400 319 2447 nolit?
339 2401 426 2459 dicam,
438 2399 561 2460 Siculique
572 2403 648 2459 podtae

135 2488 245 2534 Narrabo
256 2487 395 2535 interitum:
413 2490 477 2536 Deus
490 2487 633 2548 immortalis
644 2487 728 2535 haberi

131 2576 195 2623 Dum
206 2575 272 2636 cupit
284 2575 449 2637 Empedocles,
462 2576 586 2622 ardentem
598 2575 697 2634 frigidus
709 2574 807 2625 AEtnam

89 2709 91 2712 .
131 2661 237 2709 Insiluit.
270 2661 307 2709 Sit
314 2663 354 2720 Jus
365 2663 482 2722 liceatque
492 2662 571 2723 petire
582 2661 673 2723 poetis:

133 2749 238 2796 invitum
250 2748 291 2809 qui
302 2756 389 2806 servat,
402 2749 465 2796 idem
477 2749 534 2796 facit
544 2748 673 2796 occidenti:

133 2837 184 2884 Nec
196 2837 271 2884 semel
283 2837 328 2884 hoc
339 2837 412 2898 feeit3
430 2853 484 2897 nec,
497 2838 518 2886 si
530 2846 646 2887 redactus
658 2839 713 2897 erit,
723 2842 774 2899 Jam

132 2923 184 2970 Fiet
194 2923 279 2982 hom03
291 2914 315 2970 e't
326 2932 399 2985 ponet
410 2925 507 2973 famosae
520 2925 605 2973 mortis
617 2939 733 2973 amorem.

132 3011 183 3056 Nec
194 3009 251 3056 satis
263 3018 361 3070 apparet
371 3025 414 3058 cur
425 3025 507 3059 versus
519 3013 626 3074 factitet3
643 3021 725 3060 unum
789 3056 794 3063 .

131 3096 250 3145 Minxerit
261 3097 285 3144 in
296 3098 387 3158 patrios
399 3097 501 3160 cineres,
514 3083 544 3149 an
556 3101 626 3148 triste
636 3100 743 3149 bidental

130 3182 236 3231 Moverit
246 3183 367 3246 incestus3
385 3194 449 3234 certe
461 3187 530 3247 furit,
538 3201 569 3248 ⁴ac
581 3189 646 3236 velut
657 3203 728 3237 ursus

518 3289 531 3320 z

302 608 307 614 '
381 581 527 665 narbas
546 591 697 663 normes.
889 610 935 659 337
1069 585 1071 596 ’
1136 581 1142 586 ’

1172 791 1174 854 i
