2396 3866
383 533 566 581 CARMINUM
583 533 646 582 LIB.
664 532 683 579 1.
704 531 737 578 vi.

497 757 563 806 ODE
580 757 622 805 v1.

462 931 497 964 An
512 928 653 966 mmmm.

287 1096 425 1144 Semnum
436 1095 510 1144 Vario
521 1097 602 1157 sonis,
614 1106 638 1146 et
648 1097 756 1146 hostium

285 1182 379 1242 Victor,
391 1183 492 1232 Maeonii
503 1183 617 1231 carminis
629 1183 692 1242 aliti,

287 1269 366 1320 Quam
377 1283 429 1316 rem
440 1282 535 1328 cunque
545 1269 616 1316 ferox
627 1267 726 1315 navibus
738 1275 779 1316 aut
790 1268 856 1329 equis

416 1355 489 1404 Miles
500 1363 525 1403 te
535 1355 595 1404 duce
605 1355 711 1416 gesserit.

285 1528 347 1587 Nos,
358 1527 474 1589 Agrippa,
486 1541 563 1588 neque
573 1529 625 1576 haec
636 1529 725 1589 dicere,
736 1543 781 1578 nec
792 1542 889 1590 gravem

286 1613 386 1664 Peleidae
399 1615 561 1674 stomachum,
572 1615 657 1664 cedere
668 1617 753 1676 nescii,

284 1703 334 1751 Nec
345 1717 429 1752 cursus
441 1701 543 1764 duplicis
555 1717 598 1764 per
609 1718 675 1752 mare
688 1705 795 1767 Ulysrei,

410 1791 462 1837 Nec
474 1802 561 1837 servam
573 1791 669 1854 Pelopis
680 1791 791 1852 domum,

283 1960 416 2020 conamur,
427 1969 512 2010 tenues
524 1963 639 2023 grandie3
657 1963 715 2011 dum
727 1963 815 2026 pudor,

281 2044 436 2106 lmbellisque
446 2047 505 2107 lyroe
516 2061 587 2094 musa
596 2055 683 2107 potens
694 2055 758 2094 vetat

281 2131 375 2180 Laudes
386 2132 475 2192 egregii
487 2132 589 2181 Caesaris
600 2141 625 2181 et
635 2141 689 2181 tuas

411 2221 489 2282 eulpa
499 2220 607 2270 deterere
618 2221 707 2282 ingeni.

279 2391 339 2447 Quis
351 2395 456 2442 Martem
467 2394 549 2444 mirica
559 2401 649 2444 tectum
660 2397 814 2447 adammdna

279 2479 356 2540 Digne
367 2477 509 2543 scripserit?
528 2490 570 2530 aut
580 2483 679 2544 pulvere
689 2485 778 2534 Troico

280 2567 382 2628 Nigrum
393 2568 521 2616 Merionen
532 2571 542 2616 ἓ
562 2576 604 2618 aut
614 2584 661 2632 ope
672 2572 777 2622 Palladis

405 2655 527 2719 Tydeiden
540 2657 634 2719 superis
645 2672 728 2720 parem
739 2661 749 2707 ἓ

278 2830 328 2888 Nos
340 2827 458 2890 convivia,
470 2843 515 2878 nos
526 2829 611 2892 praelia
620 2830 750 2892 virginum,

276 2915 351 2964 Sectis
362 2915 388 2964 in
397 2918 498 2976 juvenes
509 2917 629 2978 unguibus
641 2919 743 2978 acrium,

278 3003 408 3054 certamus
418 3004 498 3065 vacui,
509 3004 560 3054 eive
571 3005 630 3067 quid
639 3007 746 3064 urimur,

404 3095 461 3144 Non
472 3101 560 3156 praeter
571 3093 671 3144 solitum
682 3095 755 3142 leves.

941 537 956 584 ⁹
