2400 3898
138 555 142 562 Ι
242 485 291 534 298
481 475 513 530 Q·
531 474 670 525 noas'rn
688 475 807 527 runcci

244 611 302 659 Non
313 607 402 657 ancilla
411 614 481 656 tuum
489 608 558 667 jecur
569 607 662 654 ulceret
671 606 733 665 ulla,
745 618 843 667 puerve,

244 701 312 748 intre
323 709 487 746 marmoreum
498 694 630 743 venerandi
640 694 716 742 limen
727 693 813 742 amici:

244 789 283 837 Ne
294 786 407 836 dominus
419 785 487 847 pueri
498 784 593 846 pulchri
604 797 695 832 caraeve
705 783 793 845 puellm

244 878 348 924 Munere
358 882 383 922 te
395 887 468 936 parvo
479 874 543 932 beet,
555 880 597 920 aut
608 869 777 919 incommodus
791 876 871 930 angat

244 964 348 1019 Qualem
358 961 524 1020 commendes,
536 960 610 1009 etiam
622 967 693 1021 atque
704 959 778 1006 etiam
788 957 885 1020 aspice;
902 970 933 1006 ne
944 971 1003 1006 mcx

244 1051 366 1102 lncutiant
376 1051 456 1100 aliena
465 1050 509 1098 tibi
520 1056 618 1112 peccata
628 1048 755 1110 pudorem.

244 1140 373 1199 Fallimur,
385 1147 410 1187 et
420 1137 543 1200 quondam
555 1151 604 1185 uon
616 1136 717 1196 dignum
728 1133 862 1183 tradimus:
879 1147 937 1195 ergo

244 1231 324 1284 Quem
335 1242 379 1277 sue
388 1229 458 1291 culpa
469 1234 571 1289 premet,
583 1224 695 1288 deceptus
706 1224 792 1274 omitte
802 1224 883 1284 tueri;

245 1319 280 1366 Ut
292 1317 386 1379 penitus
398 1324 494 1375 nomm,
505 1315 527 1362 si
537 1321 631 1362 tentent
641 1313 755 1372 crimine,
766 1325 856 1370 serves,

243 1405 388 1466 ruensque
399 1413 442 1453 tuo
453 1402 568 1452 fidentem
579 1401 706 1465 presidio:
724 1401 766 1462 qui

245 1495 323 1542 Dente
333 1494 463 1541 Theonino
474 1507 529 1541 curn
540 1491 737 1550 circumditur,
749 1489 834 1551 ecquid

245 1580 284 1629 Ad
293 1587 318 1629 te
328 1588 383 1642 post
394 1581 467 1642 paulo
477 1588 577 1628 ventura
588 1579 697 1641 pericula
707 1577 801 1627 sentis?

246 1670 309 1716 Nam
320 1674 362 1715 tua
373 1681 412 1716 res
423 1667 512 1728 agion,
523 1667 601 1730 paries
613 1682 669 1715 cum
679 1666 805 1729 proximus
816 1664 900 1727 ardet3

245 1757 277 1805 Et
287 1757 395 1817 neglecta
406 1757 486 1805 solent
496 1755 608 1805 incendia
618 1769 714 1804 sumere
724 1755 795 1803 vires.

245 1843 329 1894 Dulcis
340 1845 473 1908 inexpertis
484 1846 580 1894 emuna
590 1844 694 1907 potentis
707 1844 789 1902 amici,

245 1934 367 1996 Expertus
378 1934 473 1982 metuit.
505 1936 555 1993 iu,
566 1934 625 1981 dnm
636 1941 679 1982 tna
688 1933 756 1981 naris
770 1932 795 1979 in
807 1933 858 1980 alto
869 1938 915 1990 est,

247 2023 300 2070 Hoc
310 2035 363 2083 age,
375 2036 407 2070 ne
418 2029 510 2071 mumta
521 2030 655 2070 retrorsum
667 2029 691 2068 te
702 2022 764 2069 ferat
774 2034 841 2070 aura.

246 2108 358 2158 Oderunt
368 2109 471 2158 hilarem
482 2110 576 2170 tristes,
587 2110 729 2170 tristemque
737 2109 825 2168 iocosi,

246 2197 360 2247 Sedetum
371 2197 473 2258 celeres,
484 2199 572 2259 agilem
584 2211 734 2260 gnarumque
744 2197 839 2247 remissi
849 2218 857 2259 ;

247 2287 347 2334 potores
358 2286 435 2335 bibuli
446 2287 526 2335 media
536 2286 566 2335 de
578 2294 648 2334 nocte
659 2286 756 2334 Falerni

247 2372 359 2420 Oderunt
370 2382 481 2436 porrecte
490 2383 619 2435 negantem
629 2375 732 2437 pocula;
749 2373 857 2434 quamtis

246 2461 386 2508 Nocturnos
395 2463 463 2521 jures
475 2470 499 2510 te
510 2463 642 2511 formidare
652 2477 760 2525 vapores.

245 2549 321 2598 Deme
332 2533 459 2611 supercilio
470 2551 574 2597 nubem.
591 2552 733 2612 plerumque
745 2549 867 2598 modestus

246 2635 353 2697 Occupat
364 2636 461 2685 obscuri
471 2636 585 2699 speciem,
597 2639 731 2687 taciturnus
742 2637 829 2686 acerbi.

151 2769 153 2774 .
245 2723 312 2771 inter
324 2731 411 2772 cuncta
421 2725 485 2787 leges
496 2732 521 2773 et
530 2727 701 2787 percontabere
713 2726 807 2784 doctos,
847 2737 852 2746 ¹

245 2811 300 2865 Qua
310 2811 404 2861 ratione
415 2813 487 2874 queas
498 2813 624 2862 msducere
633 2812 722 2861 leniter
732 2825 825 2873 aevum3

246 2900 284 2947 Ne
295 2907 319 2948 te
330 2913 424 2964 semper
435 2900 506 2964 inops
517 2900 590 2962 agitet
600 2908 717 2962 vexetque
725 2899 823 2962 cupido,

246 2986 285 3033 Ne
295 2999 378 3049 pavor,
390 2996 415 3036 et
426 3003 508 3037 rerum
520 2987 673 3036 mediocriter
682 2987 779 3036 utilium
790 3001 858 3050 spes:

245 3071 367 3122 Vntntem
378 3075 489 3125 doctrino
496 3086 577 3147 paret,
588 3082 706 3124 naturane
717 3075 811 3124 donet?
