2400 3898
410 452 453 499 DE
470 453 557 500 ARTE
577 451 729 501 POETICA.
921 455 968 502 327

162 577 277 627 Reddere
287 578 329 640 qui
339 593 409 628 voees
416 581 469 639 jam
481 578 526 628 seit
537 593 608 641 puer,
621 588 645 629 et
656 580 716 642 pede
727 587 793 629 certo

164 666 253 728 Signat
263 668 375 730 humum,
388 668 461 730 gestit
471 669 569 732 paribus
579 670 715 731 colludere,
727 679 752 720 et
762 670 823 719 iram

165 757 269 819 Colligit
280 772 308 806 ae
318 759 387 822 ponit
397 766 499 820 temere,
511 766 536 808 et
547 765 655 808 mutatur
667 758 693 806 in
704 759 786 808 horas.

166 847 293 896 imberbus
301 848 409 908 Juvenis,
419 847 518 914 tandem
528 848 628 896 custode
638 855 743 908 remoto,
783 842 784 846 ’

166 935 265 984 Gaudet
274 937 343 997 equis
353 936 500 997 canibusque
511 943 535 984 et
546 935 620 998 aprici
630 937 739 998 gramine
750 938 828 1000 campi
837 957 845 997 3

167 1026 260 1074 Cereus
271 1027 297 1074 in
308 1026 395 1074 vitium
405 1025 480 1086 flecti,
493 1025 654 1074 monitoribus
665 1040 745 1088 asper,

167 1113 275 1162 Utilium
286 1114 370 1162 tsrdus
381 1114 503 1177 provisor,
515 1113 630 1176 prodigus
641 1113 707 1174 aeris,

168 1203 297 1264 Sublimis,
308 1179 466 1267 cupidusque,
478 1213 502 1254 et
513 1212 593 1254 amata
604 1183 742 1266 relinquere
753 1203 848 1266 pernix.

169 1293 300 1342 Conversis
312 1294 409 1354 studiis,
421 1301 480 1342 etas
492 1293 636 1355 animusque
647 1292 726 1340 virilis

170 1381 265 1434 Quaerit
276 1396 333 1444 opes
345 1390 370 1430 et
381 1383 510 1443 amicitias,
522 1382 623 1432 inservit
634 1382 734 1442 honori,

171 1469 329 1519 Commisisse
340 1478 408 1519 cavet
418 1460 483 1532 quod
495 1470 660 1521 mox'mutare
670 1470 773 1519 laboret.

170 1553 251 1600 blulta
261 1567 344 1600 senem
353 1553 546 1602 circumveniunt
557 1551 729 1614 incommoda;
747 1553 784 1600 vel
797 1551 862 1614 quod

172 1640 275 1701 Quaerit,
287 1649 312 1690 et
322 1642 427 1692 inventis
439 1642 513 1692 miser
524 1640 640 1701 abstinet,
651 1656 679 1691 ac
690 1641 760 1690 timet
770 1641 807 1690 uti
818 1662 826 1704 ;

173 1730 217 1778 Vel
229 1730 294 1791 quod
305 1744 344 1778 res
355 1743 440 1778 omnes
451 1729 536 1777 timide
544 1729 669 1789 gelideque
681 1729 813 1789 ministrat,

174 1818 279 1878 Dilator·,
291 1831 333 1880 spe
343 1819 443 1878 longus,
455 1817 531 1876 iners,
543 1815 674 1877 avidusque
684 1816 772 1876 futuri,

174 1907 294 1967 Difficilis,
305 1908 432 1969 querulus,
444 1905 556 1955 laudator
567 1904 684 1969 temporis
693 1905 740 1954 acti

175 1999 205 2045 Se
217 2010 303 2058 puero,
315 2010 401 2044 censor
412 1994 589 2056 castigatorque
600 1993 732 2043 minorum.

175 2086 255 2133 Multa
266 2085 349 2133 ierunt
359 2084 418 2132 anni
429 2083 553 2132 venientes
564 2083 694 2132 commoda
705 2097 798 2142 secum,

176 2174 255 2222 Multa
266 2173 404 2222 recedentes
416 2173 540 2222 adimunt:
559 2165 589 2220 rie
600 2173 664 2221 forte
675 2172 764 2222 seniles

163 2263 324 2334 ·Mandentur
333 2263 415 2323 juveni
427 2270 517 2324 partes,
529 2276 652 2324 pueroque
664 2261 756 2321 viriles,

175 2353 274 2414 Semper
286 2351 311 2399 in
321 2351 441 2410 adjunctis
452 2364 551 2411 ervoque
562 2350 712 2402 morabimur
724 2349 794 2412 aptis.

176 2441 225 2487 Aut
237 2439 315 2499 agitur
328 2452 368 2486 res
379 2438 404 2486 in
417 2438 494 2487 scenis
498 2474 506 2499 ,
518 2446 560 2488 aut
571 2447 624 2488 aeta
634 2440 753 2488 refertur:
807 2489 808 2492 ,

178 2529 278 2588 Segnius
288 2527 386 2575 irritant
397 2527 492 2575 animos
504 2527 609 2576 demissa
619 2542 662 2590 per
675 2541 769 2586 aurem,

179 2617 257 2669 Quam
269 2630 321 2676 quae
333 2622 391 2664 suut
402 2615 480 2662 oculis
492 2616 599 2676 subjecta
610 2615 733 2676 fidelibus,
745 2623 770 2664 et
782 2631 834 2677 quae

180 2706 230 2766 lpse
243 2703 288 2751 sibi
301 2703 374 2751 tradit
385 2710 512 2766 spectator.
547 2705 604 2751 Non
617 2710 699 2753 tamen
711 2703 777 2751 intus

179 2793 256 2853 Digna
266 2792 328 2853 geri,
339 2806 436 2855 promes
449 2791 473 2838 in
486 2805 598 2852 scenam;
617 2791 742 2852 multaque
752 2791 824 2839 tolles
844 2785 847 2792 ’

179 2882 217 2930 Ex
228 2881 315 2941 oculis,
327 2896 380 2942 quae
392 2895 451 2929 mox
463 2887 545 2929 narret
555 2878 668 2927 facundia
678 2892 798 2940 praesens:

182 2970 231 3017 Nec
242 2982 330 3031 pueros
341 2982 425 3017 eoram
435 2970 527 3033 populo
540 2967 627 3016 Medea
636 2967 751 3027 trucidet,

184 3059 231 3106 Aut
243 3058 351 3106 humana
360 3056 441 3120 palam
452 3063 541 3118 coquat
551 3063 608 3103 exta
619 3055 726 3104 nefarius
737 3057 836 3106 Atreus.
