2400 3898
245 584 294 632 286
479 581 510 634 Q.
528 581 668 631 Hortum
685 581 803 634 FLACGI

244 712 385 772 cognomen
395 715 472 758 vertas
482 707 510 757 iu
520 709 608 770 risum,
618 717 644 759 et
653 710 737 760 fabula
747 711 800 762 fios.

243 799 341 848 Viribus
351 797 427 848 uteris
434 811 477 860 per
487 797 573 859 clivos,
584 798 696 862 flumina,
707 802 799 851 lamesz

242 888 326 938 Victor
336 887 455 952 propositi
466 886 539 937 simul
550 902 578 938 ae
589 889 727 952 perveneris
737 890 806 952 illue,

244 977 284 1028 Sic
294 978 401 1042 positum
411 978 516 1029 semotis
527 993 600 1040 onus,
611 993 643 1028 ue
655 980 718 1029 forte
728 981 774 1030 sub
785 981 824 1030 alo

244 1067 394 1118 Fssdeulum
405 1076 487 1132 portes
496 1069 627 1129 librorum,
638 1073 666 1117 ut
676 1069 780 1120 rusticus
790 1085 895 1133 agnum

244 1159 280 1209 Ut
289 1157 375 1208 vinoso
384 1160 478 1220 glomos
489 1159 583 1206 furtive
596 1159 698 1222 Pyrrhia
707 1161 787 1224 laure3

244 1248 281 1298 Ut
291 1262 348 1296 cum
358 1247 448 1310 pileolo
459 1248 537 1297 soless
548 1247 649 1296 convive
658 1247 763 1298 tribulis.

244 1338 283 1384 Ne
293 1337 365 1397 vulgo
377 1349 460 1385 narres
470 1344 494 1385 te
505 1335 626 1386 sudavisse
637 1335 737 1385 ferendo

244 1424 369 1483 emina,
380 1439 434 1486 quse
445 1425 539 1488 possint
550 1426 634 1475 oculos
645 1439 762 1488 auresque
774 1426 865 1475 morari

210 1544 215 1558 ,
246 1512 361 1563 Caesar'is:
379 1520 461 1562 oratus
472 1514 549 1562 multe
558 1528 639 1576 prece,
651 1513 729 1564 nitere
739 1529 822 1578 porro.

195 1615 201 1630 ·
244 1600 320 1662 Varie,
331 1602 394 1662 vale,
405 1614 463 1650 eave
473 1615 505 1650 ne
515 1601 615 1664 titubes,
628 1603 788 1666 mundatoque
799 1604 904 1666 frangas.

524 1893 687 1943 EPISTOLA
704 1894 770 1942 XIV.

509 2070 544 2105 so
560 2069 686 2106 vrssrcruu
705 2071 786 2106 soors.

245 2224 355 2272 Vrssrce
365 2221 481 2272 silvarum
492 2229 517 2270 et
528 2220 587 2292 mihi
600 2235 638 2270 me
651 2219 774 2270 reddentis
784 2220 866 2282 agelli,

247 2307 326 2365 Quem
336 2320 364 2361 m
374 2312 478 2375 fastidio
488 2311 623 2380 habitatum
634 2310 738 2372 quinque
750 2309 820 2370 focis,
831 2317 857 2358 et

246 2398 360 2460 Quinque
369 2401 448 2450 bonos
458 2400 559 2450 solitum
570 2399 670 2450 Variam
682 2399 804 2448 dimittere
814 2407 910 2462 patres3

246 2488 373 2536 Certemus
384 2487 465 2550 spinas
476 2489 590 2537 animone
602 2503 646 2551 ego
657 2489 756 2549 fortius,
767 2503 798 2537 an
810 2496 838 2537 tu

245 2575 341 2626 Evelias
353 2589 427 2640 agr03
444 2583 469 2625 et
479 2577 566 2626 melior
578 2579 610 2627 sit
621 2577 748 2639 Horatius,
759 2591 791 2626 an
801 2591 848 2627 res.

245 2668 288 2716 Me
298 2666 406 2729 quamvis
418 2667 507 2716 Lamiae
519 2667 594 2730 pistos
606 2674 830 2728 mememoratur,

245 2758 356 2836 Fretrem
367 2757 503 2819 moerentis,
515 2766 583 2822 rapto
594 2759 625 2808 de
636 2759 712 2808 fratre
722 2757 827 2808 dolentis

246 2845 428 2908 Insolabiliter3
444 2854 526 2896 umen
537 2846 600 2896 istuc
611 2861 679 2897 mens
690 2847 843 2910 animusque,

245 2937 313 2997 Fert,
325 2943 350 2985 et
360 2944 426 2986 amat
437 2937 520 3000 spatiis
530 2937 652 2986 obstantis
661 2949 773 3002 rumpere
784 2936 898 2986 eleustus.

244 3027 311 3074 Rure
321 3037 366 3086 ego
376 3025 507 3087 viventem,
518 3034 545 3075 tu
557 3025 616 3074 dicis
627 3025 653 3074 in
663 3019 848 3075 rube'beumm:

246 3111 292 3162 Cui
302 3113 381 3175 plaoet
389 3113 499 3174 alterius,
510 3128 554 3163 sua
564 3112 681 3162 nimirum
692 3121 730 3162 est
740 3113 796 3163 odio
808 3126 871 3163 sors.

245 3200 339 3252 Stultus
350 3209 451 3264 uterque
460 3205 541 3252 locum
552 3201 701 3254 immeritum
711 3209 823 3255 musanus
833 3201 933 3264 inique;
