2400 3898
244 541 293 590 318
485 542 516 594 Q.
535 541 674 592 HORA'l'ii
692 543 809 596 Funcci

244 669 276 716 Et
287 667 381 717 demtus
391 681 435 730 per
445 666 494 714 vim
502 665 592 716 mentis
603 666 754 728 missimus
766 683 843 718 error.

244 755 262 810 ii
271 755 394 805 Nimirum
405 769 489 818 sspere
500 764 537 804 est
547 755 646 817 abjectis
659 757 719 806 utile
730 757 811 818 nugis,

243 848 274 894 Et
285 845 453 908 tempestivum
464 847 545 909 pueris
556 848 687 896 conoederc
698 848 801 910 ludum,

241 936 277 982 Ac
289 947 339 983 non
347 936 420 984 rerba
431 935 498 997 sequi
509 934 596 984 tidibus
608 936 755 985 modulanda
766 937 869 998 hannis,

242 1020 290 1072 Sed
300 1036 362 1071 vcrae
373 1037 536 1084 numerosque
547 1023 678 1084 modosque
689 1023 795 1073 ediscere
806 1026 869 1075 vitae.

241 1110 361 1164 Quocirca
372 1125 466 1160 mecum
475 1113 563 1172 loquor
574 1111 636 1171 haec,
647 1111 784 1174 tncimsque·
791 1114 922 1177 recordor3
939 1149 942 1158 -

241 1199 267 1248 Si
276 1199 321 1248 tibi
333 1201 401 1248 nulla
409 1200 474 1248 sitim
483 1199 565 1248 finiret
574 1199 643 1262 copin
653 1201 767 1263 lymphae,

240 1290 357 1336 Narrares
370 1288 476 1345 medicis.
510 1288 581 1342 Quod
592 1296 682 1349 quanto
692 1290 764 1351 plura
773 1291 873 1353 parasti,

238 1379 317 1425 'Panto
329 1377 399 1438 plura
408 1377 485 1439 cupis,
497 1376 591 1424 nulline
602 1376 699 1424 faterier
711 1377 804 1427 audes?

238 1464 265 1514 Si
276 1465 364 1512 vulnus
375 1465 419 1513 tibi
431 1473 564 1513 monstrata
575 1465 654 1514 radice
665 1467 703 1516 vel
714 1467 789 1516 herba

238 1554 295 1601 Non
306 1552 375 1600 fieret
385 1552 478 1614 levius,
496 1553 601 1612 fugeres,
613 1554 693 1602 radice
704 1557 741 1604 vel
753 1555 829 1604 herbo

237 1639 381 1689 Proficiente
392 1639 466 1700 nihil,
477 1640 602 1689 mirarier?
639 1642 768 1703 Audiens,
780 1632 819 1691 cui

237 1730 297 1778 Rem
308 1726 339 1777 Di
352 1729 474 1790 donatiui,
486 1729 523 1778 illi
535 1729 648 1780 decedere
658 1745 756 1793 pravam

236 1816 386 1880 Stultitiam3
403 1827 428 1866 et
437 1833 493 1866 cum
505 1818 538 1866 sis
550 1818 628 1866 nihilo
638 1819 780 1881 sapientior,
791 1833 822 1868 cx
833 1834 881 1882 quo

236 1906 335 1954 Plenior
347 1921 389 1968 es;
406 1915 487 1956 temen
498 1906 574 1954 uteris
586 1906 747 1955 monitoribus
758 1904 855 1956 isdem?

234 1995 268 2042 At
278 1994 299 2042 si
311 1993 399 2043 divitie
410 1995 553 2058 prudentem
564 1994 664 2044 reddere
675 2003 784 2056 possent,

235 2083 262 2132 Si
271 2083 384 2146 cupidum
396 2083 555 2145 timidumque
566 2082 647 2130 minus
658 2090 696 2144 te3
715 2097 801 2146 nempe
812 2084 921 2144 rubetos,

233 2171 330 2220 Viveret
340 2171 365 2218 in
377 2171 448 2220 terris
460 2179 484 2219 te
496 2171 516 2218 si
528 2170 581 2245 quis
589 2170 683 2218 avarior
694 2185 752 2220 uno.
786 2190 790 2195 ·

233 2261 259 2310 Si
270 2261 394 2324 proprium
406 2261 518 2323 estquod
530 2261 583 2322 quis
594 2261 658 2309 libra
669 2267 788 2310 mercatus
799 2269 824 2310 ct
833 2276 881 2311 aere
892 2271 939 2323 est,

232 2350 358 2408 Quaedrnn,
369 2350 390 2396 si
400 2350 478 2398 credis
489 2349 617 2409 consultis,
629 2349 749 2411 mancipat
757 2364 815 2399 usus
826 2370 832 2398 ι

232 2437 280 2490 Qui
290 2445 314 2484 te
324 2437 400 2499 pascit
410 2450 476 2496 ager,
488 2431 543 2486 tuus
555 2445 592 2484 est
602 2457 610 2498 3
627 2445 652 2485 et
662 2437 756 2486 villicus
766 2437 837 2498 Orbi,

177 2503 181 2512 “
231 2525 293 2575 Cum
305 2532 394 2604 segetes
403 2531 470 2572 occat
480 2524 525 2573 tibi
538 2539 595 2572 mox
606 2525 730 2574 frumenta
739 2525 846 2587 daturas,

229 2613 264 2661 Te
275 2611 401 2659 dominum
412 2611 494 2659 sentit.
527 2612 575 2659 Das
587 2627 712 2674 nummos,
720 2612 810 2676 accipis
817 2627 897 2674 uvam,

229 2701 324 2761 Pullos,
336 2713 391 2760 ove,
403 2699 487 2748 cadum
500 2699 597 2748 temeti:
616 2714 703 2762 nempe
715 2701 787 2749 modo
798 2700 845 2750 isto

228 2779 348 2838 Parilutim
360 2789 473 2837 mercaris
484 2803 578 2849 agnum,
590 2789 693 2837 fortasse
704 2789 827 2848 trecentis,

205 2885 208 2894 ’
227 2879 278 2925 Aut
287 2877 360 2924 etiam
371 2891 454 2939 snpra,
467 2890 622 2924 nummorum
633 2876 741 2924 millibus
751 2884 852 2924 emnem.

228 2963 292 3018 Quid
304 2966 387 3024 refert,
398 2966 463 3014 vivus
475 2974 601 3015 numerato
613 2979 689 3026 nuper
700 2978 731 3012 an
744 2965 822 3013 olim?

226 3053 312 3100 Emtor
323 3051 416 3099 Aricini
427 3053 548 3112 quondam
559 3051 665 3100 Veientis
676 3059 700 3100 et
711 3053 762 3101 arri

225 3141 324 3188 Emtum
335 3131 414 3188 ooenat
425 3141 490 3200 olus,
502 3139 608 3202 quumvis
620 3139 689 3190 aliter
701 3147 788 3204 putat,
805 3139 877 3188 emtis
