2400 3898
250 508 297 570 324
484 508 514 560 Q.
533 505 673 554 HORA'l'll
691 504 809 553 FLACCl

250 637 311 688 Qua
323 648 387 682 nunc
399 632 492 681 suntin
505 633 599 680 honore
609 632 735 692 vocabula,
748 631 770 680 si
779 633 845 680 volet
855 647 924 695 usus,

251 726 330 777 Quem
342 736 415 785 penes
425 720 553 770 arbitrium
565 727 602 768 est
612 728 637 768 et
645 723 685 781 jus
697 728 721 770 et
734 735 821 768 norma
831 722 956 783 loquendi.

251 813 298 860 Res
309 819 382 872 gestae
393 824 523 872 regumque
535 809 681 870 ducumque,
693 816 717 857 et
729 808 806 857 tristia
816 811 891 870 bella,

250 901 305 954 Quo
317 899 389 948 scribi
400 907 500 962 possent
511 913 625 958 numero,
638 897 782 946 monstravit
795 899 927 948 Homerus.

249 989 364 1038 Versibus
377 989 502 1052 impariter
509 989 600 1050 junctis
608 987 760 1051 querimonia
770 987 875 1050 primum
884 1008 893 1051 ς
905 975 908 978 Α

251 1080 311 1136 Post
321 1078 394 1128 etiam
406 1079 499 1128 inclusa
509 1086 547 1127 est
558 1078 608 1126 voti
619 1078 738 1141 sententia
748 1093 847 1141 compos
857 1099 864 1126 :

251 1167 312 1222 Qum
324 1176 405 1218 tamen
418 1169 517 1230 exiguos
527 1155 608 1229 elegos
620 1167 728 1216 emiserit
737 1177 831 1229 auctor,

250 1257 409 1306 Grammatici
420 1265 523 1318 certant,
534 1265 560 1306 et
570 1257 648 1305 adhuc
659 1258 704 1306 sub
713 1256 794 1318 judice
803 1256 834 1305 lis
846 1264 891 1306 est.

249 1346 425 1396 Archilochum
436 1347 534 1410 proprio
545 1347 623 1395 rabies
634 1345 737 1394 armavit
746 1345 841 1394 iambo:

250 1436 323 1484 Hunc
334 1437 398 1484 socci
409 1451 493 1498 cepere
503 1437 599 1498 pedem,
611 1436 760 1496 grandesque
771 1434 894 1495 cothurni,

250 1523 359 1571 Alternis
371 1531 454 1586 aptum
466 1524 629 1583 sermonibus,
641 1531 666 1571 et
676 1525 802 1586 populares
866 1545 871 1551 ·

251 1609 396 1660 Vincentem
405 1611 530 1674 strepitus,
541 1620 565 1660 et
576 1619 662 1660 natum
671 1613 742 1660 rebus
750 1603 857 1672 agendis}

251 1701 325 1748 Musa
332 1700 398 1749 dedit
409 1701 496 1749 fidibus
508 1701 586 1762 divos,
597 1705 731 1765 puerosque
739 1700 851 1761 deorum,

251 1789 284 1836 Et
293 1789 400 1852 pugilem
412 1790 538 1851 victorem,
547 1798 572 1839 et
583 1805 671 1852 equum
683 1789 815 1838 certamine
825 1788 942 1852 primurn,

250 1876 283 1926 Et
290 1879 408 1937 juvenum
418 1893 499 1938 curas,
506 1887 530 1927 et
541 1878 618 1926 libera
628 1879 684 1926 vina
695 1879 794 1927 referre.

252 1965 388 2029 Descriptas
400 1979 496 2016 servare
507 1967 570 2016 vices
581 1982 728 2030 operumque
739 1967 844 2028 colores,

253 2053 302 2102 Cur
314 2068 369 2115 ego,
382 2054 403 2103 si
415 2069 508 2117 nequeo
520 2055 663 2118 ignoroque,
676 2055 754 2104 Poeta
765 2056 878 2105 solutor?

253 2142 303 2190 Cur
314 2141 418 2203 nescire,
428 2143 521 2205 pudens
532 2157 614 2206 prave,
626 2157 698 2204 quam
706 2143 798 2192 discere
809 2143 893 2192 melo?

249 2230 365 2280 Versibus
376 2232 466 2294 exponi
476 2232 572 2299 tragicis
582 2246 621 2280 res
631 2231 724 2280 comica
735 2247 785 2280 non
796 2233 863 2281 suit:

251 2320 393 2381 Indignatur
404 2322 461 2370 item
472 2321 581 2384 privatis,
592 2335 620 2370 ac
630 2335 705 2384 prope
716 2325 785 2370 socco
811 2367 815 2376 ,

252 2409 337 2470 Dignis
348 2411 496 2460 carminibus
507 2411 682 2460 narraricoena
689 2412 809 2474 thyeste.

253 2498 354 2558 Singula
364 2513 464 2560 quaeque
475 2501 556 2548 locum
568 2507 666 2548 teneant
677 2501 763 2550 sortita
774 2500 893 2550 decenter.
942 2545 952 2555 .

253 2587 379 2636 Interdum
389 2595 470 2636 tamur
484 2595 508 2636 et
519 2603 602 2636 vocem
613 2589 732 2640 comoedia
742 2589 818 2649 tollit,
895 2573 898 2578 ‚

253 2659 379 2741 iratusque
391 2677 507 2726 Chremes
518 2678 611 2726 tumido
622 2678 731 2740 delitigat
741 2693 798 2728 ore:

252 2769 284 2815 Et
292 2766 395 2828 tragion
406 2767 548 2830 plerumque
560 2767 626 2816 dolet
638 2781 750 2816 sermone
761 2766 874 2830 pedestri.

250 2857 372 2919 Telephus
384 2863 408 2906 et
418 2859 515 2918 Peleus,
527 2870 583 2905 cum
594 2856 684 2919 pauper
694 2864 719 2904 et
729 2857 809 2917 exsul,
821 2863 922 2918 uterque

251 2943 352 3005 Projicit
362 2947 490 3009 ampullas,
502 2954 527 2995 et
537 2945 710 3008 sesquipedalia
720 2947 803 3007 verba,

250 3033 278 3080 Si
288 3041 357 3081 curat
366 3048 408 3082 cor
420 3035 547 3096 spectantis
558 3034 664 3095 tetigisse
675 3035 781 3095 querela.

249 3124 305 3171 Non
317 3124 375 3172 satis
386 3132 423 3174 est
432 3126 535 3187 pulchra
545 3139 597 3174 esse
608 3129 736 3188 poemate5
749 3125 829 3174 dulcia
836 3131 919 3182 sunto,
