2400 3898
243 567 292 618 276
485 568 516 625 Q.
534 567 674 620 uoltht'lt
691 568 809 619 educet

244 695 287 744 ild
298 701 335 744 est
340 693 474 756 jucundum
481 714 490 758 ς
507 694 572 744 vives
583 695 610 744 in
622 697 832 760 amorejocisque

241 784 311 844 Vive,
322 785 389 833 vale:
407 783 497 846 siquid
508 783 597 834 novisti
606 785 695 836 rectius
706 786 769 847 istis,

244 873 366 954 Candidus
377 874 491 938 imperti3
508 875 529 926 ei
541 889 602 936 non,
612 875 652 928 his
662 884 731 926 utere
742 891 848 928 meeum.

528 1169 692 1222 EPISTOLA
708 1173 763 1223 vll.

532 1351 567 1387 An
584 1351 762 1387 MEOENATEM·

243 1503 366 1556 Qurupnu
376 1500 427 1550 dies
438 1499 483 1550 tihi
492 1499 616 1562 pollicitus
628 1517 668 1551 me
679 1516 736 1563 rure
746 1503 866 1562 futurum,

243 1588 361 1639 Sextilem
372 1595 453 1646 toturn
463 1588 569 1638 mendax
580 1589 712 1640 desiderur.
735 1589 819 1650 -Anqui
870 1601 873 1606 ·

244 1677 271 1726 Si
281 1691 321 1726 me
331 1678 411 1728 vivere
420 1676 466 1738 vis,
478 1685 589 1740 recteque
599 1678 681 1728 videre
691 1679 828 1739 valentem

244 1768 325 1821 Quum
333 1766 394 1816 mihi
404 1766 447 1816 des
458 1781 534 1828 aegro,
542 1765 609 1816 dabis
622 1774 739 1828 egrotare
748 1765 854 1827 timenti,

244 1856 375 1916 hierenus,
386 1855 496 1918 venium
513 1855 572 1904 dum
583 1855 642 1904 ficus
653 1855 733 1918 prima
742 1855 865 1918 calorque
894 1833 899 1846 ⁴

243 1945 427 2006 Designetorem
439 1945 537 1995 decorat
547 1944 673 1996 lictoribus
684 1943 761 2005 atris,

243 2034 309 2082 Dum
319 2033 400 2096 pueris
411 2033 491 2082 omnis
502 2041 569 2095 pater
580 2041 606 2081 et
615 2033 748 2082 matercula
757 2032 849 2100 pulletp

242 2122 404 2184 officiosaque
415 2123 540 2182 sedulitas,
551 2130 576 2172 et
586 2123 666 2186 opella
676 2121 781 2170 sorensis

243 2198 348 2260 ¹A'ddueit
357 2211 447 2271 febres,
458 2219 483 2260 et
493 2217 637 2260 usamenta
648 2209 764 2270 resignat.

244 2300 347 2356 Quodsi
359 2303 446 2352 bruma
459 2301 525 2350 nives
536 2299 638 2350 Albanis
649 2299 728 2348 illinet
738 2297 812 2359 agris,

244 2388 284 2437 Ad
293 2402 360 2436 mure
371 2385 499 2438 descendet
507 2397 574 2438 vates
583 2396 650 2448 tutu,
661 2394 686 2440 et
696 2386 742 2440 eibi
753 2393 845 2449 perdet,

245 2477 437 2538 Contrectusqrre
448 2476 526 2537 leget3
538 2485 573 2536 te,
582 2476 659 2525 dulcis
670 2475 756 2536 amice,
768 2474 857 2528 reviset

245 2567 308 2616 Cum
319 2565 444 2628 Zephyris,
456 2564 476 2614 si
487 2563 613 2624 concedes,
624 2573 649 2614 et
659 2564 790 2614 hirundine
800 2563 887 2627 prima,

244 2657 312 2716 Non,
323 2669 371 2717 quo
382 2667 451 2704 more
461 2654 526 2718 pyris
536 2653 600 2704 vesci
613 2655 715 2704 calaber
724 2653 795 2714 J'uhet
804 2652 903 2716 hospes,

243 2748 283 2796 Tu
293 2761 333 2795 me
343 2745 420 2795 fecisti
430 2745 584 2808 locupletem.
617 2741 747 2798 ilVescere
758 2740 837 2790 sodes.

244 2835 329 2893 illam
340 2835 398 2886 setis
409 2842 452 2884 est.
486 2831 546 2889 ilrlt
556 2840 584 2880 tu
595 2829 756 2892 quamtumvis
767 2830 835 2880 tolle.
875 2827 893 2886 il
903 2829 1020 2890 Benigne.

244 2925 328 2983 iINon
339 2925 417 2973 invisa
427 2924 489 2972 feres
499 2921 580 2985 pueris
592 2920 735 2969 munuscula
745 2918 834 2982 paruis.
1042 2914 1045 2918 ’

244 3014 332 3073 il'l'am
343 3022 428 3062 teneor
438 3013 503 3065 dono
514 3025 586 3072 quarn
597 3009 618 3056 si
629 3008 738 3058 dimittar
748 3015 858 3059 onustius.

244 3108 263 3165 ti
273 3106 308 3153 Ut
315 3104 386 3151 libet:
404 3102 455 3149 haec
466 3099 545 3163 porcis
556 3097 628 3146 hodie
639 3097 788 3146 comedenda
798 3095 924 3159 relinquis.

148 3206 150 3211 ’
241 3191 262 3250 il
269 3191 385 3251 Prodigus
396 3197 421 3238 et
430 3190 517 3238 stultus
530 3187 605 3236 donat
615 3201 668 3248 quae
680 3186 775 3249 spernit
783 3193 809 3236 et
820 3185 881 3234 odit
