2432 3874
375 565 566 618 SERMONUM
583 569 645 618 ΜΒ.
663 571 683 618 1.
700 570 731 619 ri.
901 575 948 624 207

151 693 212 751 Nec,
224 691 312 753 siquid
324 692 380 740 miri
390 693 463 742 iaciat
473 702 569 755 natura,
582 695 639 744 deos
651 695 676 744 id

149 778 282 840 'i'risbesex
294 780 344 828 alto
355 781 411 828 coeli
422 780 547 834 demittere
559 790 630 832 tecto.

102 927 103 930 Ἴ
150 866 313 916 Brundusium
324 869 402 929 longae
413 868 470 918 finis
481 869 616 931 chortaeque
626 869 725 932 viaeque.

461 1146 580 1194 SA'i'lRA
595 1148 638 1195 Vl.

318 1286 503 1354 rn'onnrsonss
520 1319 653 1356 nnrnnrurr
671 1322 786 1360 suonun.

93 1499 97 1505 ·
151 1471 220 1529 Nou,
229 1469 295 1530 quia,
307 1469 437 1528 Maecenas,
450 1468 571 1532 Lydorum
582 1469 695 1534 quioquid
705 1472 820 1522 Etruscos

151 1556 256 1605 lnooluit
265 1557 336 1616 fines,
348 1570 421 1604 nemo
432 1556 570 1618 generosior
581 1564 618 1605 est
627 1565 667 1619 te3

152 1646 213 1703 Noc,
223 1644 288 1705 quod
298 1657 356 1692 avus
366 1644 410 1692 tibi
422 1653 544 1694 maternus
556 1645 602 1694 fuit
613 1653 684 1707 mque
694 1655 819 1709 paternus,

152 1731 220 1780 Olim
230 1732 271 1792 qui
282 1732 375 1791 magnis
385 1732 520 1792 legionibus
532 1733 715 1794 imperitarent3

152 1820 188 1868 Ut
197 1819 304 1880 plerique
315 1820 405 1878 solent,
417 1833 476 1866 naso
487 1819 613 1880 suspendis
625 1820 718 1869 adunoo

153 1908 260 1967 Ignotos,
272 1914 300 1954 ut
311 1919 350 1954 me
361 1905 474 1953 libertino
487 1913 554 1967 patre
565 1913 657 1954 natum.

153 1995 216 2042 (ium
227 1994 317 2042 referre
329 2007 411 2053 negas,
423 1993 488 2053 quali
499 1993 531 2040 sit
542 1993 641 2053 quisque
652 2000 751 2056 parente

153 2083 240 2140 Nauis,
251 2081 310 2128 dum
320 2079 446 2140 ingenuus.
480 2079 610 2128 Persuodes
621 2079 668 2127 hoo
678 2079 723 2127 tibi
734 2095 799 2141 vere,

153 2171 217 2217 Ante
228 2175 371 2230 potestatem
381 2166 449 2216 'lulli
461 2175 532 2228 utque
543 2166 648 2227 ignobile
659 2181 770 2228 regnum,

153 2257 246 2304 Multos
258 2270 321 2318 saepe
331 2255 395 2304 viros
408 2255 482 2303 nullis
494 2255 625 2316 majoribus
636 2262 704 2303 ortos

153 2344 185 2392 Et
194 2343 284 2391 vixisse
295 2343 393 2404 probos,
405 2341 491 2402 amplis
502 2348 527 2389 et
537 2340 670 2388 honoribus
682 2348 779 2388 auctos:

154 2433 256 2490 contro,
267 2417 402 2488 bovinum,
414 2427 496 2477 Valeri
507 2442 592 2488 genus,
604 2427 668 2475 unde
680 2428 801 2490 Superbus

153 2518 299 2579 'lbrquinius
311 2531 384 2578 regno
396 2517 480 2578 pulsus
492 2515 548 2574 fuit,
561 2514 633 2563 unius
645 2515 705 2564 ossis

155 2610 211 2655 Nou
222 2621 329 2668 unquam
340 2605 418 2668 pretio
430 2604 506 2667 pluris
517 2603 623 2663 licuisse,
636 2611 735 2653 notante

153 2694 249 2754 iudice,
260 2709 308 2756 quo
320 2694 396 2754 nosti,
407 2694 513 2756 populo;
531 2693 572 2753 qui
584 2694 672 2740 stultus
683 2693 789 2742 honores

125 2838 128 2844 1
155 2783 223 2842 Saepe
235 2781 276 2828 dut
287 2781 402 2841 indignis,
414 2788 438 2828 et
449 2781 519 2827 ianrae
531 2780 604 2827 servit
615 2779 710 2842 ineptus
721 2800 729 2841 ;

156 2868 204 2922 Qui
216 2874 295 2929 stupet
305 2867 330 2914 in
341 2867 418 2915 titulis
425 2875 455 2914 vet
466 2859 617 2928 imaginibus.
651 2866 716 2920 Quid
727 2874 822 2929 oportet

156 2957 208 3003 Nos
220 2953 307 3012 faeere,
318 2965 333 2999 a
344 2955 414 3013 vulgo
426 2955 498 3014 longe
508 2955 627 3015 longeque
637 2957 764 3002 remotos?

156 3040 266 3100 Namque
278 3045 340 3098 esto,
351 3040 455 3100 populus
466 3040 564 3088 Laevino
575 3041 659 3090 mullet
670 3040 789 3088 bonorem

157 3130 236 3182 Qrmm
248 3126 322 3176 Decio
334 3125 449 3174 mandare
460 3141 535 3176 novo:
553 3141 685 3189 oensorque
697 3135 804 3176 moveret
