2400 3898
266 466 314 512 326
499 463 529 515 Q.
548 462 687 511 HORATll
705 461 823 511 FnAccl

269 589 366 639 Rectius
378 589 478 638 lliacnm
489 600 586 638 carmen
599 588 698 638 deducis
710 588 735 637 in
747 595 825 650 ectus,

269 683 348 734 Quum
361 677 382 727 ei
392 678 512 741 proferres
524 671 607 738 ignota
615 676 753 740 indictaque
765 676 867 740 primus.

272 768 370 816 Publica
381 767 493 816 materies
506 767 593 830 privati
600 768 667 828 ,linis
677 767 734 828 erit,
746 767 767 816 si

267 860 318 906 Nec
325 856 390 907 circa
399 857 473 907 vilem
482 859 641 920 patulumque
652 855 786 906 moraberis
797 857 883 906 orbem
892 876 897 904 ι

269 949 320 996 Nec
332 949 431 996 verbum
442 949 516 996 verbo
527 948 622 998 errabis
633 947 734 997 reddere
745 946 808 996 fidus
864 942 872 956 ¹

268 1039 403 1102 interpres:
422 1051 466 1085 nec
478 1036 574 1086 desilies
586 1037 694 1086 imitator
705 1037 731 1085 in
745 1044 849 1098 arctum,

270 1105 341 1176 Unde
351 1126 437 1189 pedem
448 1127 558 1188 proferre
569 1126 647 1188 pudor
658 1133 732 1187 vetet,
745 1134 787 1174 aut
797 1125 878 1188 operis
889 1126 939 1174 lex.

268 1218 320 1265 Nec
331 1215 365 1264 sic
376 1215 487 1277 incipies,
498 1222 527 1264 ut
538 1215 641 1278 scriptor
652 1215 763 1277 Cyclicus
775 1215 852 1277 olim3

267 1306 430 1354 “Fortunam
443 1303 533 1352 Priami
543 1305 645 1352 cantabo
657 1311 681 1352 et
693 1303 775 1352 nobile
786 1302 905 1352 bellum.”

268 1394 334 1450 Quid
344 1393 445 1455 dignum
455 1402 523 1442 tanto
535 1395 597 1443 feret
608 1393 648 1442 hic
659 1393 794 1455 promissor
804 1393 889 1442 hiatu?

267 1481 410 1530 parturiunt
421 1488 526 1539 mentm,
540 1489 652 1529 nascetur
663 1481 781 1530 ridiculus
793 1496 855 1530 mus.

267 1572 364 1624 Quanto
376 1567 465 1616 rectius
476 1567 527 1627 hic,
539 1567 580 1629 qui
590 1568 625 1616 nil
638 1569 740 1618 molitur
751 1571 844 1632 inepte:

267 1655 339 1706 “Dic
350 1655 422 1717 milri,
434 1657 516 1716 Musa,
527 1656 618 1717 virum,
630 1665 707 1719 captae
718 1666 773 1720 post
782 1666 891 1720 tempora
900 1658 994 1717 'lr0Jae,

266 1745 343 1799 “Qui
356 1758 436 1793 morea
449 1744 579 1793 hominnm
590 1746 725 1795 multorum
736 1747 798 1796 vidit
809 1754 834 1794 et
844 1747 941 1795 urbes.”

267 1836 324 1882 Non
335 1833 432 1882 fumum
444 1847 475 1882 ex
486 1834 590 1894 fulgore,
602 1833 644 1882 sed
655 1849 687 1884 ex
695 1836 762 1884 inmo
775 1835 831 1883 dare
843 1834 922 1883 lucem

267 1921 373 1983 Cogitat,
384 1930 412 1970 ut
423 1921 531 1983 speciosa
541 1922 628 1971 dehinc
639 1922 757 1972 miracula
767 1930 873 1985 promat,

265 2010 425 2073 Antiphaten,
438 2012 600 2074 Scyllamque,
612 2019 703 2060 etcum
717 2013 820 2075 Cyclope
832 2011 986 2074 Charybdin3

267 2101 318 2148 Nec
327 2097 432 2148 reditum
444 2099 569 2150 Diomedis
578 2102 610 2149 ab
622 2101 723 2150 interitu
734 2102 862 2163 Meleagri,

266 2191 317 2239 Nec
328 2191 425 2252 gemino
436 2190 529 2239 bellum
539 2191 674 2249 'linianum
686 2189 781 2239 orditur
793 2191 823 2238 ab
833 2203 888 2238 ovo.

265 2280 365 2344 Semper
376 2281 407 2330 ad
418 2288 532 2331 eventum
542 2279 653 2340 festinat,
665 2279 726 2328 etin
738 2279 828 2327 medias
840 2293 890 2337 res,

265 2368 322 2414 Non
334 2382 403 2417 secus
414 2383 442 2418 ac
453 2375 535 2429 notes,
546 2367 683 2416 auditorem
692 2367 769 2429 rapit,
782 2375 807 2415 et
819 2381 872 2428 qnce

264 2455 381 2517 Desperat
392 2464 494 2506 tractata
504 2457 622 2506 nitescere
633 2471 714 2520 posse,
727 2455 857 2517 relinquit3

263 2545 341 2606 Atque
352 2544 387 2592 ita
397 2545 525 2604 mentitur,
537 2545 572 2592 sic
583 2545 646 2594 veris
658 2547 721 2595 falsa
732 2544 858 2602 remiscet,

262 2632 344 2682 Primo
357 2649 388 2682 ne
399 2633 517 2695 medium,
529 2632 608 2682 medio
621 2648 652 2683 ne
663 2615 783 2697 discrepet
794 2633 880 2681 imum.

261 2724 310 2783 ln,
321 2723 380 2785 quid
392 2731 483 2785 cgo„et
492 2724 596 2787 populus
608 2738 704 2772 mecum
715 2723 844 2782 desideret,
856 2720 912 2770 audi
921 2741 936 2770 :.

183 2833 188 2841 ·
260 2811 286 2860 Si
298 2811 419 2873 plausoris
431 2826 485 2875 eges
497 2813 574 2862 aiilaea
585 2811 717 2872 manentis,
729 2819 841 2873 eiusque

260 2900 355 2948 Sessuri
367 2901 444 2949 donec
455 2908 550 2960 cantor,
560 2903 610 2950 Vos
623 2899 741 2963 plaudite,
754 2900 828 2961 dicat,

258 2987 347 3036 AEtatis
359 2990 475 3050 cnjiisque
486 2987 586 3038 notandi
599 2994 656 3037 sunt
667 2986 712 3036 tibi
723 3001 816 3048 mores,

262 3073 443 3137 Mobilibusque
454 3075 526 3124 decor
537 3075 630 3124 naturis
641 3075 734 3126 dendus
745 3084 770 3125 et
781 3075 863 3125 annis.
