2432 3874
269 557 315 606 att
504 556 535 607 Q.
553 552 692 601 HORA'l'll
710 553 827 602 elucet

271 685 295 732 N
297 696 343 731 unc
354 680 411 730 licet
421 678 536 741 Esquiliis
545 678 654 727 babitare
665 679 812 740 salubribus,
824 687 894 741 atque

268 774 360 832 Aggere
371 771 396 818 in
408 767 488 832 aprico
495 767 608 830 ‚spatiari
620 781 668 829 quo
679 768 752 817 modo
762 768 843 818 triam
945 794 948 799 ·

269 855 337 905 Albis
347 855 478 904 informem
489 858 627 919 spectabant
637 855 732 904 ossibus
741 869 833 916 agrum.

269 944 331 993 Cum
344 944 405 992 mihi
415 958 465 993 nou
476 951 570 993 nantum
582 945 694 1005 fumesque
705 944 819 1005 ferreque,
828 947 902 992 suetae

269 1032 341 1080 Hunc
350 1045 438 1080 verme
449 1034 541 1092 locum,
551 1047 616 1080 cura
627 1037 684 1079 sunt
694 1037 767 1092 atque
773 1031 862 1090 labori,

269 1120 394 1173 Quantm
404 1119 551 1168 carminibus
562 1133 615 1180 quae
625 1124 721 1168 versent
732 1125 803 1179 atque
813 1118 911 1166 venenis

271 1209 396 1258 Humanos
408 1208 516 1257 animost
534 1209 578 1256 has
590 1209 659 1256 nullo
669 1207 769 1270 perdere
779 1220 878 1270 possum

269 1299 320 1347 Nec
330 1297 459 1360 prohibere
469 1295 553 1356 modo,
560 1296 633 1344 simul
644 1309 672 1343 ac
683 1308 742 1355 vagu
751 1296 811 1342 luna
821 1294 934 1342 decorum

269 1385 375 1433 Protulit
384 1398 423 1442 os,
435 1383 493 1444 quin
505 1384 648 1443 ossalegant
658 1382 793 1444 herbasque
803 1388 925 1430 nocentes.

268 1471 324 1520 Vldl
336 1478 430 1532 egomet
441 1469 509 1530 nigra
520 1469 664 1518 succinctam
674 1469 761 1518 vadere
771 1470 835 1531 palla

270 1557 406 1616 Canidiam,
416 1556 517 1618 pedibus
528 1556 609 1616 nudis,
620 1571 737 1618 passoque
748 1558 846 1619 capillo,

268 1648 331 1697 Cum
343 1648 436 1706 Sagana
445 1646 537 1705 majore
547 1645 682 1693 ululantem
697 1646 786 1708 (pallor
796 1655 910 1708 utrasque

268 1737 365 1784 Fecerat
374 1732 508 1781 horrendas
520 1731 639 1795 aspmm).
672 1733 783 1796 scalpere
793 1741 883 1781 terram

268 1821 406 1883 Unguibus,
417 1829 442 1870 et
452 1822 543 1883 pullam
555 1821 668 1872 divellere
682 1821 804 1870 mordicus
816 1834 902 1882 agnam

268 1911 417 1973 Coeperunt3
434 1923 506 1960 cruor
515 1909 542 1958 in
554 1911 645 1958 fossam
655 1909 780 1968 contusus,
788 1916 817 1958 ut
827 1909 884 1958 inde

268 2001 354 2048 Manes
365 1998 490 2059 elicerent,
502 1998 595 2048 animas
606 2011 723 2061 responsa
732 1997 838 2056 daturas.

266 2090 347 2137 banea
358 2096 383 2136 et
392 2088 480 2148 effigies
491 2095 553 2146 erat,
565 2087 641 2135 altera
650 2099 735 2148 cereag
754 2087 831 2146 maior

266 2178 356 2233 banea,
367 2189 420 2236 quae
432 2173 511 2236 poenis
521 2181 684 2235 compesceret
694 2173 844 2222 inferiorern.

266 2264 342 2311 Cerea
352 2261 492 2324 suppliciter
503 2261 591 2322 stabat,
602 2260 741 2320 seruilibus,
753 2267 827 2321 utque

265 2352 322 2398 lam
334 2348 451 2409 peritura,
462 2348 549 2396 modis.
583 2349 690 2396 Hecaten
701 2355 771 2396 vocat
782 2349 867 2407 altera,
879 2359 967 2395 saevam

264 2436 348 2484 Altera
357 2435 520 2496 'lisiphonenz
539 2444 742 2496 serpentesatque
752 2435 845 2482 videres

265 2519 375 2568 Infernas
386 2533 467 2566 errare
477 2530 565 2580 cancs3
582 2520 714 2580 lurramque
725 2521 862 2575 rubentem,

265 2608 302 2654 Ne
313 2605 377 2653 foret
386 2604 425 2652 his
436 2603 515 2663 oestis,
527 2613 583 2666 post
592 2617 681 2665 magna
690 2607 766 2653 latere
776 2604 894 2665 sepulcra.

264 2693 372 2744 Mentior
383 2701 408 2742 at
418 2692 517 2755 siquid,
529 2694 618 2742 merdis
630 2700 701 2757 caput
712 2693 824 2755 inquiner
834 2693 895 2742 albis

204 2808 208 2816 ·
263 2784 415 2845 Corvomm3
432 2789 503 2843 atque
514 2782 540 2830 in
552 2796 592 2830 me
602 2784 684 2832 veniat
694 2781 794 2832 mictum
806 2789 877 2845 atque
888 2791 996 2834 cacatum

236 2895 240 2902 ·
262 2872 355 2931 lulius,
368 2880 392 2920 et
402 2871 494 2933 fragilis
505 2870 621 2931 Pediatia,
633 2872 719 2934 brrque
731 2873 851 2921 Vorenus.

264 2958 365 3020 Singula
376 2959 434 3021 quid
446 2973 578 3009 memorem
589 2963 599 3008 ἓ
618 2975 666 3022 quo
677 2967 747 3023 paeto
758 2963 852 3010 alterna
862 2962 987 3024 loquentes

263 3048 362 3096 Umbrae
374 3063 430 3096 cum
442 3050 536 3111 Sagana
545 3050 683 3098 resonarint
692 3049 761 3099 triste
772 3059 797 3099 et
808 3059 922 3113 acutum

264 3135 345 3196 thue
354 3133 407 3198 lupi
418 3138 518 3188 barbam
530 3138 603 3189 variae
612 3153 667 3190 cum
679 3138 750 3190 tlente
759 3141 864 3189 colubra
