2400 3898
363 549 601 599 EPISTOLARUM
619 550 682 598 LlB.
700 551 720 598 1.
736 549 763 597 ii.
912 549 959 599 267

156 674 229 730 Quod
240 673 319 738 petiit,
331 676 440 739 spernit3
457 675 546 740 repetit
555 676 621 739 qnod
631 691 709 741 nuper
725 675 829 726 omisit?

152 763 260 823 AEstuut,
271 771 296 812 et
306 763 361 813 vim
372 764 523 814 disconvenit
534 765 621 815 ordine
632 773 686 814 toto
698 768 708 814 ?

153 851 246 913 Dimit‚
258 853 370 914 edifica,
381 861 460 903 mutet
470 855 588 916 quadrata
597 856 731 904 rotundis?

153 941 264 990 insanire
274 950 344 1004 putus
355 942 526 1002 solennium,
540 957 618 1004 neque
627 943 703 1005 rides,

151 1030 203 1078 Nec
213 1028 301 1078 medici
310 1030 399 1090 credis,
410 1043 455 1078 nec
466 1029 585 1078 curatoris
595 1043 666 1102 egere

152 1118 175 1165 Α
186 1124 291 1179 pretore
302 1117 370 1179 dnti3
388 1131 471 1165 rerum
482 1118 560 1165 tutela
570 1131 680 1166 mearum

152 1205 215 1254 eum
226 1204 271 1265 sis,
282 1211 307 1253 et
316 1218 389 1267 prave
399 1211 492 1252 sectum
503 1205 662 1254 stomacheris
673 1207 705 1254 ob
715 1221 823 1268 unguem

151 1294 188 1343 De
199 1299 224 1342 te
233 1291 371 1356 pendentis,
384 1298 409 1341 te
419 1291 570 1354 respicientis
582 1292 664 1341 amici.
696 1321 699 1326 n

151 1380 192 1430 Ad
202 1394 334 1440 summam,
345 1378 441 1442 sepiens
452 1393 504 1427 uno
514 1379 598 1428 minor
608 1386 646 1428 est
656 1381 729 1442 Jove,
742 1379 818 1441 dives,

153 1467 237 1530 Liber,
248 1468 395 1529 honoratus,
407 1467 518 1531 pulcher,
530 1481 576 1516 rex
586 1467 691 1530 deniqne
702 1482 803 1530 regum

152 1557 276 1623 Praeeipue
287 1571 371 1619 senne,
382 1555 430 1606 nini
442 1571 498 1606 cum
510 1555 597 1620 pituita
606 1557 711 1606 moleste
719 1564 764 1607 est.

443 1846 609 1895 EPISTOLA
634 1846 669 1894 ll.

465 2019 501 2054 ΑΙ)
517 2019 643 2054 Loeuutr.

149 2171 264 2218 Tuosnnr
276 2167 335 2217 belli
346 2166 500 2230 scriptorem,
512 2167 619 2218 maxime
630 2166 707 2228 Lolli,

148 2259 215 2307 Dum
225 2264 252 2306 tu
263 2257 383 2306 declamas
395 2260 490 2320 Romae,
501 2261 625 2308 Praeneste
633 2258 708 2320 relegi
718 2279 727 2322 3

151 2345 211 2406 Qui,
222 2343 281 2407 quid
292 2344 476 2408 studentum,
489 2346 547 2408 quid
557 2355 646 2409 turpe;
663 2346 722 2408 qnid
732 2344 803 2408 utile,
815 2345 874 2410 quid
884 2361 933 2396 non
939 2383 947 2407 ,

148 2432 249 2483 Planius
259 2447 287 2482 ac
297 2433 385 2482 meliue
397 2433 531 2497 Chrysippo
542 2441 567 2483 et
579 2436 699 2483 crantore
709 2433 776 2484 dicit.

152 2523 202 2573 Cur
215 2522 249 2572 ite
259 2521 414 2582 crediderim,
426 2521 474 2571 nisi
485 2522 544 2584 quid
554 2529 579 2572 te
589 2517 691 2583 detinet,
703 2524 767 2573 audi.

150 2612 251 2672 Fabula,
263 2626 310 2674 que
319 2612 413 2661 Paridis
424 2619 524 2674 propter
534 2619 649 2661 narratur
659 2626 768 2662 amorem

153 2699 247 2748 Graecin
255 2699 378 2749 Barbarie
388 2701 457 2748 lento
469 2699 555 2748 collina
564 2698 657 2760 duello,
763 2733 766 2740 -

154 2785 292 2836 Stultorum
302 2801 387 2848 regum
399 2793 424 2836 et
434 2788 580 2850 populorum
591 2786 702 2835 continet
712 2793 794 2834 entus.

149 2875 262 2923 Antenor
272 2880 355 2922 censet
364 2873 423 2923 belli
434 2873 565 2937 precidere
575 2887 686 2923 mnsam:

134 2959 136 2966 '
152 2959 218 3017 Quid
229 2959 298 3011 Puris
309 2963 319 3010 ἓ
337 2969 366 3010 ut
376 2962 456 3011 salvus
467 2969 554 3024 regnet
563 2960 674 3022 vivatque
684 2961 780 3019 heum,

151 3049 212 3112 Cogi
222 3063 293 3113 posse
304 3056 383 3112 negat.
416 3051 506 3099 Nestor
517 3061 664 3112 componere
679 3046 735 3095 litet

152 3141 219 3190 inter
232 3138 331 3189 Peliden
345 3137 445 3188 sentinat
454 3145 480 3187 et
488 3138 554 3188 luter
563 3135 680 3186 Atriden:
