2400 3898
216 419 264 470 284
454 415 487 472 Q·
505 412 645 466 Hortum
662 413 781 465 rusch

218 551 268 608 lu,
280 559 447 609 quamcunque
458 547 524 594 Deus
534 541 579 593 tibi
589 543 750 592 fortunaverit
759 544 857 607 horam,

219 638 294 686 Grata
304 647 373 685 sume
384 646 474 694 monu3
492 647 541 681 neu
550 631 631 681 dulcia
642 631 712 680 differ
723 632 750 680 ln
761 645 870 694 anuum

106 749 112 760 ·
219 727 265 786 Ut,
277 737 421 786 quocunque
430 723 485 770 looo
497 719 583 783 fueris,
595 720 684 770 vixisse
694 720 799 770 libenter

218 816 255 862 Te
266 813 338 862 dieas
372 814 437 862 Nam
448 812 469 861 ai
479 811 542 861 ratio
553 818 578 860 et
589 810 718 874 prudentia
727 824 809 870 ouras,

220 905 277 953 Non
289 905 357 953 lours
367 902 438 952 effusi
448 903 498 952 late
507 902 582 952 maris
593 902 695 962 arbiter,
707 900 803 962 aulert3

221 993 328 1054 Coelum,
339 1007 390 1041 non
402 991 522 1052 animum,
533 998 628 1040 mutant
638 991 680 1053 qui
690 998 758 1038 uana
770 1003 837 1039 mare
847 993 948 1038 currunt
958 1009 963 1036 :

220 1083 325 1132 Strenua
336 1095 381 1131 nos
392 1088 488 1131 exercet
498 1080 598 1130 inertia:
616 1079 716 1129 navibus
727 1087 799 1141 atque

221 1171 349 1234 Quadrigia
359 1170 463 1234 petimus
474 1172 536 1219 bene
546 1170 633 1218 vivere.
667 1168 739 1224 Quod
749 1168 822 1232 petis,
833 1165 873 1217 hio
884 1175 937 1230 eat;

221 1263 266 1312 Est
276 1259 389 1321 Ulubris,
401 1259 496 1310 animm
507 1257 529 1309 si
538 1265 563 1308 te
574 1272 625 1308 non
636 1255 717 1307 delicit
727 1271 818 1320 aequua.
837 1295 840 1308 r

502 1545 667 1600 EPISTULA
682 1545 739 1628 Xll.
818 1582 821 1590 -

543 1724 578 1759 ΔΙ)
595 1723 699 1760 lCClUM.

221 1873 369 1922 Faocrraus
380 1869 493 1936 Agrippa
503 1863 603 1934 Siculls,
615 1887 675 1936 quoa
686 1872 790 1936 colligis,
801 1867 859 1934 leci,

222 1960 248 2010 Si
260 1969 324 2010 recte
335 1960 434 2022 bueria,
445 1975 496 2010 non
506 1970 544 2011 est
554 1969 582 2010 ut
590 1962 659 2026 copia
669 1963 747 2022 major

222 2050 260 2098 Ab
272 2051 334 2100 Jove
345 2049 432 2100 donari
442 2050 520 2114 possit
530 2051 582 2100 tibi.
615 2051 687 2099 Tolle
699 2051 826 2113 querelaa3

223 2140 318 2201 Pauper
329 2138 395 2188 enim
407 2154 457 2188 non
469 2145 506 2188 est
517 2139 557 2188 oui
568 2153 651 2188 rerum
662 2139 767 2202 suppetit
777 2153 844 2188 usus.

220 2228 249 2292 βὶ
259 2227 339 2277 ventri
348 2229 421 2289 bene,
433 2227 454 2277 ai
464 2228 535 2278 lateri
546 2235 584 2278 est
594 2228 743 2292 pedibusque
754 2227 813 2289 tuis,
825 2226 861 2298 ull
929 2259 934 2270 »

222 2315 318 2364 Diutiae
328 2323 442 2380 poterunt
453 2319 544 2378 regales
555 2317 643 2367 addere
655 2319 741 2378 mm'us.

224 2403 250 2453 Si
262 2404 326 2452 forte
337 2403 363 2451 in
373 2404 454 2453 medio
466 2405 601 2467 positorum
613 2406 755 2468 abstemius,
766 2406 848 2456 herbis

222 2489 289 2540 Vivis
300 2498 325 2538 et
334 2490 422 2550 urtica,
434 2491 468 2540 sic
479 2492 543 2541 vives
558 2501 687 2556 protenus,
698 2503 726 2544 ut
736 2503 760 2545 te

224 2577 360 2630 Confestim
370 2577 476 2641 liquidus
488 2581 593 2630 fortunae
604 2583 671 2632 rivus
682 2581 791 2633 inauret:

224 2670 269 2719 Vel
281 2668 338 2732 quia
347 2676 460 2719 naturam
469 2678 563 2721 mutare
574 2673 676 2735 pecunia
686 2675 780 2736 nescit3

224 2758 269 2808 Vel
281 2756 337 2821 quia
344 2765 431 2809 cuncta
439 2767 509 2824 putas
520 2773 570 2811 uua
580 2761 669 2812 virtute
681 2763 786 2813 minora.

224 2847 355 2909 Miramur,
366 2849 387 2897 ai
399 2847 532 2900 Democriti
539 2863 611 2914 pecus
622 2847 673 2900 edit
682 2853 772 2912 agellos

225 2936 355 2999 Cultaque,
366 2936 424 2986 dum
436 2953 534 3002 peregre
545 2946 582 2989 est
593 2939 689 2989 animus
701 2939 755 2988 sine
764 2953 866 3002 corpore
877 2939 962 2988 velox:

227 3024 290 3078 Cum
302 3032 329 3073 tu
339 3023 403 3076 inter
414 3028 518 3077 scabiem
529 3035 633 3089 tantam,
644 3036 669 3076 et
679 3028 790 3089 contagia
800 3023 872 3088 lucri,
