2400 3898
243 515 292 564 268
464 513 496 566 Q·
513 508 654 562 nonnuli
670 509 789 560 FLACCI

248 643 320 690 Hune
330 653 411 700 annor,
423 637 460 690 lrn
470 637 568 700 quiden
579 635 741 688 communiter
751 636 802 688 urit
814 643 952 700 utrumque.

247 727 367 790 Quicquid
378 726 483 776 delirant
493 739 571 787 reges,
582 727 721 789 plectuntur
733 725 827 776 Achivi.

246 815 380 875 Seditione,
391 813 465 875 dolis,
476 815 578 876 soelere,
589 822 662 876 utque
671 813 784 875 libidine,
795 823 821 864 et
831 815 869 864 inu

247 905 332 954 llieeos
344 903 410 953 intra
417 918 500 953 muros
512 910 623 967 peoeumr
633 909 659 951 et
668 910 747 952 extra.
818 919 820 926 ·

247 996 351 1054 Rursus,
362 992 421 1055 quid
430 992 506 1042 virtus
517 991 612 1054 etquid
623 991 741 1054 sepientis
751 991 840 1054 possit,

247 1081 315 1131 Utile
324 1080 452 1145 proposuit
464 1080 535 1130 nobis
545 1080 670 1142 exemplar
682 1080 796 1142 Ulyssem
806 1099 815 1142 ς

247 1170 296 1225 Qui
306 1169 412 1219 domitor
423 1171 516 1230 Trolse,
527 1169 661 1217 multorum
672 1165 786 1230 providus
796 1169 870 1218 urbes

247 1259 280 1306 nt
291 1271 372 1306 mores
382 1257 511 1306 hominum
523 1255 647 1318 inspexit,
662 1256 787 1318 lutumque
797 1269 841 1319 per
853 1269 946 1318 aequor,

247 1348 312 1395 Dum
325 1345 381 1406 sibi,
392 1344 450 1394 dum
461 1344 532 1394 soelis
543 1345 649 1397 reditum
659 1351 739 1407 purat,
749 1357 836 1407 mpero
846 1345 924 1394 multe

248 1434 361 1494 Pertulit,
373 1433 478 1498 aduersis
490 1449 572 1486 rerum
583 1433 755 1486 immersabilis
763 1433 844 1486 undis.

248 1520 362 1571 Sirenum
372 1535 442 1570 voces
453 1529 479 1570 et
491 1520 568 1572 Clroae
578 1525 667 1584 poeuis
677 1523 760 1585 nostl3

249 1612 310 1665 Qun
321 1609 342 1657 si
353 1623 408 1657 eum
421 1608 492 1657 sociis
503 1610 593 1658 stultus
605 1610 754 1674 cupidusque
763 1611 875 1673 bibisset,

249 1699 299 1747 Sub
309 1696 410 1746 domina
420 1697 545 1746 meretrice
556 1698 643 1748 finisset
653 1699 731 1762 turpis
741 1706 767 1748 et
777 1713 874 1760 excors,

248 1785 357 1835 Vixisset
366 1785 433 1835 mnis
444 1785 596 1847 immundus,
607 1788 646 1835 vel
657 1786 736 1836 amica
745 1788 798 1836 luto
810 1801 859 1836 sus.

250 1876 302 1923 Nos
313 1887 429 1922 numerus
441 1887 536 1934 sumus,
547 1881 573 1922 et
583 1874 664 1934 fruges
676 1887 820 1922 eonsumere
831 1873 892 1936 noti,

250 1961 338 2024 Sponsi
349 1962 488 2025 Penelopoe,
500 1962 645 2022 nebulones,
652 1959 798 2023 Alcinoique

155 2110 159 2116 ῃ
250 2051 278 2098 ln
289 2056 344 2098 cute
354 2049 461 2098 curanda
471 2051 525 2112 plus
536 2064 606 2112 aequo
622 2056 721 2112 operatu
728 2051 861 2111 juventus3

250 2137 297 2187 Cui
307 2137 436 2202 pulchrum
447 2137 494 2186 fuit
505 2136 530 2186 in
539 2136 632 2186 medios
643 2135 752 2186 dormire
762 2135 825 2197 dies,
836 2144 861 2184 et
971 2207 975 2218 ‚

249 2226 289 2275 Ad
299 2225 428 2288 strepitum
438 2224 536 2274 cithare
547 2231 668 2274 oessutum
679 2223 767 2274 ducere
777 2238 869 2274 uuum.

252 2314 288 2364 Ut
296 2315 409 2374 jugulent
418 2313 554 2375 hominem,
567 2319 670 2375 surgunt
680 2312 712 2368 de
723 2319 794 2362 noete
804 2313 911 2362 latrones
920 2331 929 2374 ;

158 2399 161 2410 '
251 2404 287 2452 Ut
296 2402 400 2465 teipsum
410 2417 502 2463 serves,
513 2418 563 2458 non
572 2401 763 2465 expergisceris?
783 2402 849 2464 atqui

251 2489 278 2539 Sl
288 2489 357 2538 noles
368 2505 452 2550 sanus,
463 2503 545 2539 curres
556 2490 718 2552 hydropicus:
735 2497 761 2539 et
771 2489 798 2538 ni

251 2578 337 2626 Posses
348 2584 405 2626 ente
416 2577 480 2625 diem
491 2577 582 2626 librum
593 2592 650 2626 cum
661 2577 765 2638 lumine,
774 2577 853 2626 sinon

251 2665 364 2716 intendes
375 2665 484 2714 animum
495 2665 580 2716 studiis
592 2674 617 2716 et
627 2669 699 2716 rebus
711 2666 839 2728 bonestis3

251 2757 344 2808 Invidia
353 2759 392 2806 vel
404 2771 487 2807 umore
496 2756 553 2820 vigil
564 2760 717 2820 torquebere.
750 2759 814 2806 Nem
826 2771 880 2817 cur,
953 2813 954 2820 ἵ

251 2848 311 2901 Quae
322 2846 415 2895 ludunt
424 2847 533 2906 oculum,
545 2846 646 2897 festinus
657 2847 754 2898 demere
765 2866 773 2908 ;
790 2843 881 2906 siquid

250 2935 296 2982 Est
306 2933 425 2994 animum,
437 2933 518 2986 differs
528 2934 630 2986 curandi
641 2943 737 2998 tempus
747 2933 773 2984 in
784 2935 896 2984 annum?

250 3019 384 3069 Dimidium
396 3021 464 3081 faeti,
476 3022 518 3083 qui
528 3022 613 3084 ooepit,
624 3022 710 3074 hebet:
728 3035 812 3084 sapere
820 3019 900 3084 ,aude3

251 3108 340 3174 Incipe.
374 3107 423 3164 Qui
432 3119 497 3160 reete
507 3109 602 3161 visendi
612 3117 729 3176 prorogat
738 3110 836 3172 horem,
