2400 3898
318 556 555 608 EPISTOLARUM
573 556 635 608 LIB.
654 560 673 608 1.
684 557 715 607 iv.
874 557 920 607 271

121 681 259 745 Ingenium,
271 698 320 732 non
332 683 452 734 incultum
459 692 497 735 est
508 700 552 735 nec
562 685 666 750 turpiter
675 675 776 736 hirtum.

120 773 169 820 Seu
179 771 287 834 linguam
297 773 374 822 musis
386 775 463 835 acuis,
474 789 517 824 seu
526 774 601 825 civica
608 778 665 838 jura

120 859 274 921 Respondete
284 875 366 924 paras,
377 876 420 912 seu
430 862 515 911 condis
527 863 630 911 amabile
640 877 736 912 carmen
746 883 754 926 ;

122 933 205 996 Prima
212 949 275 998 feres
285 949 381 1000 hederae
391 949 496 1000 victricis
508 950 621 1014 praemia:
639 950 704 1012 qnod
715 950 736 999 si

121 1034 218 1096 Frigida
227 1051 342 1085 curarum
352 1039 462 1086 fomenta
472 1038 610 1099 relinquere
615 1051 713 1101 posses,
723 1067 727 1073 ·

122 1124 177 1177 Quo
189 1130 213 1173 te
223 1121 329 1173 coelestis
340 1125 458 1188 sapientia
468 1125 576 1186 duceoet,
587 1125 643 1175 ires.
685 1167 688 1174 .
705 1159 709 1164 ·

123 1217 176 1265 Hoc
186 1229 257 1278 opus,
268 1215 316 1263 hoc
327 1213 434 1284 studium
445 1215 512 1277 parvi
523 1229 680 1279 properemus
690 1221 715 1265 et
726 1209 811 1280 ampli,

122 1303 149 1353 Si
160 1303 244 1366 patriae
254 1303 378 1363 volumus,
390 1301 411 1351 si
422 1303 492 1352 nobis
503 1303 583 1352 vivere
593 1303 651 1352 cari.
690 1345 693 1350 .

122 1392 201 1440 Debes
211 1391 258 1440 hoc
266 1390 340 1440 etiam
349 1391 490 1451 rescribere,
502 1391 528 1439 Si
539 1390 583 1440 tibi
594 1405 668 1451 cmm,

124 1481 226 1534 Quam
236 1477 372 1539 conveniat,
384 1479 524 1528 Munatius:
542 1493 573 1528 an
585 1480 724 1528 malesarta

124 1567 210 1616 Gratia
219 1567 377 1629 nequicquam
388 1567 447 1629 coit,
459 1576 485 1616 et
495 1567 657 1616 rescinditur?
694 1570 736 1630 At,
748 1582 790 1617 vos

125 1656 173 1704 Seu
182 1655 274 1705 calidus
285 1655 392 1717 sanquis,
404 1670 447 1704 seu
458 1670 540 1704 rmum
551 1656 647 1708 inscitia
656 1661 738 1717 vexat,

125 1742 247 1792 Indomita
256 1743 347 1792 cervice
357 1743 434 1802 feros,
444 1742 580 1804 ubicunqne
590 1744 701 1792 iocorum

125 1831 223 1892 Vivitis,
239 1830 332 1892 indigni
343 1831 478 1879 fraternum
490 1844 603 1894 rumpere
614 1831 704 1890 foedus,

127 1917 237 1969 Paccium
248 1919 273 1967 in
283 1925 389 1968 vestrum
400 1917 505 1966 redium
515 1917 595 1967 votiva
602 1919 713 1978 juvenca.

418 2203 581 2253 EPISTOLA
598 2202 640 2252 lV.

371 2381 406 2417 An
422 2381 523 2417 tunium
545 2379 689 2417 elevatum.

130 2540 207 2598 Anat,
218 2545 359 2587 nostrorum
369 2549 513 2586 sermonum
521 2533 621 2584 candide
628 2534 715 2596 index,

132 2625 197 2680 Quid
207 2615 305 2673 nancte
315 2624 394 2674 dicam
405 2625 484 2673 facere
494 2604 520 2672 in
531 2623 629 2685 regione
641 2623 756 2672 Pedana?

132 2711 241 2762 Scribere
252 2711 315 2772 quod
327 2711 395 2760 Cassi
405 2711 543 2760 Parmensis
557 2711 673 2773 opuscula
682 2709 779 2758 vincat?

132 2801 173 2848 An
183 2799 284 2849 tacitum
294 2799 366 2848 siivas
377 2799 440 2848 inter
451 2807 546 2862 reptare
557 2801 675 2858 salubres,

134 2888 266 2936 cnrantem
276 2885 387 2947 quicquid
397 2886 497 2947 dignum
508 2885 616 2949 sapiente
625 2887 738 2954 bonoque
746 2871 803 2934 est?

135 2978 193 3024 Non
205 2983 232 3024 tu
242 2987 329 3036 corpur
338 2987 391 3023 eras
401 2975 453 3023 sine
463 2983 568 3039 pectere.
601 2973 634 3022 Di
644 2973 688 3022 tibi
701 2973 815 3031 formam,

135 3061 168 3114 Di
178 3062 223 3112 tibi
233 3060 328 3110 divitias
338 3060 465 3122 dederunt,
476 3070 600 3124 artemque
610 3059 714 3109 fruendi.

137 3149 202 3206 Qud
213 3141 297 3200 voveat
306 3147 371 3198 dulci
381 3148 502 3200 nutricula
512 3151 589 3210 maius
599 3149 709 3208 alumno,
