2438 3860
190 457 197 466 ’
227 489 271 538 154
460 491 490 545 o.
509 486 648 540 nonnum
665 485 786 540 rnnccr

289 617 340 664 Aut
351 614 423 663 amite
434 615 481 664 levi
493 630 549 665 rara
559 617 637 666 tendit
648 618 719 678 retia,

321 703 412 752 'liudis
424 703 534 751 edacibus
547 704 634 765 dolos3

291 790 455 851 Paridemque
466 791 584 852 leporem,
596 799 621 839 et
632 791 748 840 advenam
760 791 846 853 laqueo
857 806 952 854 gruem,

320 878 434 927 iucunda
444 886 524 942 captat
534 879 642 940 praemia.
698 894 702 904 ·

290 965 351 1021 Quis
363 981 414 1015 non
425 967 556 1026 malarum,
569 981 629 1029 quas
640 981 709 1016 amor
719 979 789 1017 curas
800 968 882 1028 babet,

325 1057 384 1103 Haec
396 1055 459 1104 inter
472 1056 638 1105 obliviscitur?

292 1144 365 1197 Quod
376 1143 397 1191 si
407 1145 494 1206 pudica
504 1145 593 1194 mulier
605 1145 631 1194 in
642 1154 736 1208 purtem
746 1149 814 1208 juvet

324 1234 433 1283 Domum
444 1243 515 1296 atque
526 1234 609 1284 dulces
620 1235 721 1296 liberos,

295 1321 396 1384 (sabina
406 1323 494 1384 qualis,
506 1331 548 1370 aut
558 1331 656 1384 perusta
667 1324 759 1374 solibus

322 1409 430 1459 Pernicis
441 1426 504 1460 uxor
517 1392 617 1473 Appuli)

295 1501 396 1551 Sacrum
408 1510 433 1552 et
443 1503 543 1550 vetustis
554 1509 664 1550 exstruat
675 1482 747 1562 lignis
759 1503 841 1552 iocum

326 1588 394 1637 Lassi
405 1590 451 1636 sub
462 1588 590 1637 adventum
602 1588 660 1636 viri:

295 1676 463 1752 Claudensque
473 1675 546 1724 textis
557 1657 663 1724 cratibus
674 1676 758 1744 laeturn
769 1689 852 1738 pecus,

325 1764 438 1814 Distenta
447 1765 519 1815 siccet
530 1767 620 1828 ubera;

293 1853 326 1901 Et
336 1853 416 1902 horna
426 1853 492 1904 dulci
502 1854 558 1902 vina
568 1868 683 1916 promens
695 1853 772 1913 dolio,

325 1943 405 2004 Dapes
417 1942 519 1992 inemtas
532 1951 642 2006 apparet:

293 2032 351 2079 Non
362 2045 402 2079 me
413 2031 517 2080 Lucrina
525 2032 634 2093 juverint
644 2031 779 2096 conchylia,
845 2035 857 2062 '-

324 2121 433 2182 Magisve
443 2124 572 2183 rhombus,
584 2132 626 2173 aut
634 2123 706 2184 scari,

293 2206 321 2257 Si
332 2221 392 2270 quos
403 2209 462 2256 Eois
473 2209 584 2258 intonata
594 2211 706 2258 fluctibus

325 2296 410 2345 Hiems
420 2297 506 2346 adhoc
517 2305 596 2346 vertat
607 2311 688 2346 mare:

295 2385 352 2433 Non
363 2386 424 2432 Afra
434 2385 485 2432 avis
496 2385 625 2436 descendat
636 2385 660 2432 in
672 2392 782 2434 ventrem
794 2400 886 2446 meum,

325 2473 383 2520 Nou
394 2479 489 2531 attagen
502 2473 598 2519 lonicus
732 2526 735 2532 Ι

294 2559 441 2618 iucundior,
453 2572 525 2620 quam
537 2560 600 2607 lecta
611 2559 641 2607 de
651 2558 815 2621 pinguissimis
833 2591 835 2594 -

327 2647 399 2696 Oliva
410 2646 484 2695 ramis
496 2649 621 2706 arborum,

292 2737 343 2784 Aut
353 2735 429 2783 herba
437 2734 529 2798 lapathi
540 2743 609 2798 prata
620 2734 734 2796 amantis,
746 2743 771 2784 et
781 2734 846 2797 graii
923 2768 930 2776 -

327 2824 416 2872 Malvae
428 2823 538 2872 salubres
550 2822 657 2885 corpori,

294 2911 340 2959 Vel
351 2924 412 2973 agna
422 2911 490 2960 festis
502 2925 564 2960 cesa
574 2909 766 2972 Terminalibus,

327 3001 372 3049 Vel
388 3001 474 3051 haedus
486 3008 583 3065 ereptus
594 3001 661 3063 lupo.
682 3024 687 3028 ·
