2400 3898
216 561 264 610 303
450 552 482 605 Q.
500 547 639 598 llOllA'l'll
657 545 774 595 Funccl

217 687 326 745 'lior-quet
335 681 365 728 ab
376 675 496 727 obsooenis
504 676 556 736 jam
568 687 634 723 nunc
644 672 797 722 sermonibus
807 685 905 731 aurem,

219 774 280 821 blox
291 769 364 818 mam
375 775 457 831 pertun
469 764 594 828 preceptis
605 765 695 812 format
705 759 798 822 amicis,

219 859 360 924 Asperiiuttis
371 865 397 906 et
407 855 503 906 invidie
514 861 637 903 conector
647 860 673 901 et
682 852 741 914 irae3

221 952 293 999 litote
304 949 366 997 laets
376 946 467 1007 reiert;
484 943 588 994 orientia
598 949 707 1004 tempora
718 939 783 988 notis

202 1093 205 1100 ¹
222 1035 323 1086 Instruit
333 1034 450 1098 exemplis
459 1053 468 1096 ;
484 1033 582 1095 inopem
592 1032 685 1082 solatur
696 1037 722 1078 et
731 1043 830 1090 agrum.

223 1126 302 1176 emtis
312 1139 368 1174 cum
379 1124 459 1188 pueris
471 1124 553 1184 ignara
563 1121 645 1184 puella
657 1118 737 1168 mariti

222 1214 331 1264 Disoeret
342 1213 405 1262 unde
414 1226 507 1276 preces,
517 1217 596 1262 vatem
606 1209 633 1257 ni
644 1209 717 1258 Musa
726 1207 848 1256 dedisset?

225 1303 307 1352 Poscit
317 1316 388 1365 opem
398 1303 497 1362 chorus,
509 1309 534 1350 et
542 1299 671 1363 presentia
681 1298 781 1348 numina
792 1297 883 1358 sentit3

227 1392 343 1440 Coelestes
353 1391 468 1453 implorat
478 1404 552 1452 aquas
563 1390 634 1438 docta
644 1403 715 1451 preoe
725 1387 826 1436 blandus
836 1407 843 1448 ;

226 1478 320 1527 Avertit
331 1479 440 1538 morbos,
451 1478 581 1526 metuenda
590 1477 699 1540 pericula
709 1475 793 1538 pellit;

227 1568 343 1628 impetrat
352 1571 377 1612 et
387 1577 480 1627 pacem,
491 1571 517 1612 et
526 1564 673 1640 locupletem
684 1564 792 1624 frugibus
803 1576 896 1611 annum

229 1651 343 1702 Carmine
355 1651 387 1700 Di
399 1652 479 1714 superi
490 1652 627 1714 placantur,
639 1652 747 1700 carmine
759 1652 852 1702 blanes.

229 1740 347 1802 Agricola
359 1739 442 1803 prisci,
453 1740 539 1799 forms,
550 1751 673 1801 parvoque
683 1738 758 1797 beati,

231 1827 336 1878 Condita
347 1835 402 1890 post
412 1828 545 1887 iurulenta,
556 1828 663 1876 levantes
674 1834 784 1890 tempore
794 1827 856 1875 festo

232 1917 327 1978 Corpus
337 1922 362 1964 et
372 1915 452 1977 ipsum
465 1914 574 1964 animum
586 1929 628 1978 spe
639 1915 696 1967 finis
708 1914 769 1964 dura
781 1917 909 1975 ferentem,

232 2005 296 2053 cnm
307 2002 379 2052 sociis
390 2017 502 2066 operum,
515 2003 606 2064 pueris,
618 2009 644 2051 et
654 2006 756 2065 conjuge
768 2004 826 2064 lida,

232 2095 359 2142 Tellurem
369 2105 455 2154 porco,
467 2091 592 2142 Silvanum
603 2094 666 2140 laete
676 2092 785 2155 piabant,

234 2180 347 2230 Floribus
357 2188 382 2229 et
391 2180 448 2230 vino
460 2180 577 2241 Gaium,
588 2193 722 2230 memorem
734 2181 812 2229 brevis
823 2179 876 2228 avi.

235 2269 383 2330 Fescennina
393 2283 436 2332 per
446 2270 511 2318 bunc
524 2269 622 2318 inventa
631 2269 728 2318 licentia
740 2282 834 2318 morem

235 2356 351 2405 Versibus
362 2357 462 2406 alternis
474 2357 603 2421 opprobria
613 2357 703 2406 rosdon
713 2357 793 2419 indit,

236 2443 391 2505 Libermsque
403 2454 554 2494 recurrentes
565 2453 662 2508 accepta
672 2459 715 2508 per
728 2459 805 2494 annos

237 2530 307 2580 Lusit
316 2531 462 2592 amabiliter,
473 2533 550 2580 donec
559 2535 611 2592 lam
619 2549 696 2583 saevus
708 2541 815 2596 apertam

238 2623 266 2669 ln
279 2619 370 2668 rabiem
381 2619 441 2668 verti
452 2619 524 2682 coepit
531 2621 612 2681 jocus,
623 2629 649 2670 et
658 2635 702 2684 per
711 2622 825 2670 honestas

240 2711 278 2757 lre
290 2709 375 2757 domos
386 2707 486 2770 impune
496 2708 587 2758 minax.
621 2711 727 2759 Doluere
737 2717 837 2758 cruento

240 2799 318 2846 Dente
329 2795 450 2859 lacessiti3
468 2797 515 2845 init
525 2797 621 2846 intactis
632 2813 728 2860 quoque
738 2812 796 2848 cura

242 2884 386 2933 conditione
397 2899 469 2947 super
477 2886 615 2934 commmsi:
632 2886 690 2947 quin
702 2888 776 2936 edam
787 2887 828 2934 lex

241 2974 363 3033 Poensque
372 2972 432 3032 lata,
444 2973 508 3022 malo
520 2987 573 3035 qun
585 2974 662 3022 nollet
671 2974 779 3023 carmine
791 2986 927 3035 quenquam
995 2987 998 2996 ¹

242 3058 365 3106 Describi:
382 3067 474 3108 vertere
485 3061 595 3121 modum,
607 3059 737 3110 formidine
748 3061 819 3110 fustis

242 3145 281 3193 Ad
291 3147 352 3194 bene
362 3145 490 3197 dicendum
502 3148 714 3211 delectandumque
725 3149 822 3198 redacti.
