<?xml version="1.0" encoding="UTF-8"?>
<!DOCTYPE html PUBLIC "-//W3C//DTD XHTML 1.0 Transitional//EN"
    "http://www.w3.org/TR/xhtml1/DTD/xhtml1-transitional.dtd">
<html xmlns="http://www.w3.org/1999/xhtml" xml:lang="en" lang="en">
 <head>
  <title>
</title>
<meta http-equiv="Content-Type" content="text/html;charset=utf-8" />
  <meta name='ocr-system' content='tesseract 3.04.00' />
  <meta name='ocr-capabilities' content='ocr_page ocr_carea ocr_par ocr_line ocrx_word'/>
</head>
<body>
  <div class='ocr_page' id='page_1' title='image "./opera00gesngoog_0173.png"; bbox 0 0 2438 3860; ppageno 0'>
   <div class='ocr_carea' id='block_1_1' title="bbox 232 597 276 646">
    <p class='ocr_par' dir='ltr' id='par_1_1' title="bbox 232 597 276 646">
     <span class='ocr_line' id='line_1_1' title="bbox 232 597 276 646; baseline 0 0"><span class='ocrx_word' id='word_1_1' title='bbox 232 597 276 646; x_wconf 77' lang='lat'><strong>164</strong></span> 
     </span>
    </p>
   </div>
   <div class='ocr_carea' id='block_1_2' title="bbox 471 593 794 649">
    <p class='ocr_par' dir='ltr' id='par_1_2' title="bbox 471 593 794 649">
     <span class='ocr_line' id='line_1_2' title="bbox 471 593 794 649; baseline -0.028 0"><span class='ocrx_word' id='word_1_2' title='bbox 471 598 502 649; x_wconf 83' lang='lat' dir='ltr'><strong>Q·</strong></span> <span class='ocrx_word' id='word_1_3' title='bbox 520 594 660 645; x_wconf 82' lang='lat' dir='ltr'>HORATII</span> <span class='ocrx_word' id='word_1_4' title='bbox 677 593 794 642; x_wconf 70' lang='lat' dir='ltr'><strong>thecel</strong></span> 
     </span>
    </p>
   </div>
   <div class='ocr_carea' id='block_1_3' title="bbox 563 843 693 892">
    <p class='ocr_par' dir='ltr' id='par_1_3' title="bbox 563 843 693 892">
     <span class='ocr_line' id='line_1_3' title="bbox 563 843 693 892; baseline -0.015 0"><span class='ocrx_word' id='word_1_5' title='bbox 563 843 628 892; x_wconf 86' lang='lat' dir='ltr'><strong>ODE</strong></span> <span class='ocrx_word' id='word_1_6' title='bbox 651 844 693 891; x_wconf 90' lang='lat' dir='ltr'><strong>lX.</strong></span> 
     </span>
    </p>
   </div>
   <div class='ocr_carea' id='block_1_4' title="bbox 512 1006 743 1044">
    <p class='ocr_par' dir='ltr' id='par_1_4' title="bbox 512 1006 743 1044">
     <span class='ocr_line' id='line_1_4' title="bbox 512 1006 743 1044; baseline 0 -1"><span class='ocrx_word' id='word_1_7' title='bbox 512 1009 547 1043; x_wconf 72' lang='lat' dir='ltr'><strong>Ao</strong></span> <span class='ocrx_word' id='word_1_8' title='bbox 564 1006 743 1044; x_wconf 74' lang='grc' dir='ltr'>ΜΕΟΕΝΑΊῈΜ.</span> 
     </span>
    </p>
   </div>
   <div class='ocr_carea' id='block_1_5' title="bbox 324 1145 932 2708">
    <p class='ocr_par' dir='ltr' id='par_1_5' title="bbox 326 1145 932 1297">
     <span class='ocr_line' id='line_1_5' title="bbox 326 1145 932 1209; baseline 0 -15"><span class='ocrx_word' id='word_1_9' title='bbox 326 1147 436 1200; x_wconf 74' lang='lat' dir='ltr'><strong>Quauno</strong></span> <span class='ocrx_word' id='word_1_10' title='bbox 448 1154 572 1209; x_wconf 79' lang='lat' dir='ltr'><strong>repostum</strong></span> <span class='ocrx_word' id='word_1_11' title='bbox 584 1147 714 1196; x_wconf 83' lang='lat' dir='ltr'><strong>Caeeubum</strong></span> <span class='ocrx_word' id='word_1_12' title='bbox 725 1145 755 1194; x_wconf 84' lang='lat' dir='ltr'><strong>ad</strong></span> <span class='ocrx_word' id='word_1_13' title='bbox 765 1147 838 1194; x_wconf 76' lang='lat' dir='ltr'><strong>festae</strong></span> <span class='ocrx_word' id='word_1_14' title='bbox 849 1145 932 1208; x_wconf 75' lang='lat' dir='ltr'><strong>dapes,</strong></span> 
     </span>
     <span class='ocr_line' id='line_1_6' title="bbox 356 1233 652 1297; baseline 0.014 -15"><span class='ocrx_word' id='word_1_15' title='bbox 356 1233 454 1282; x_wconf 75' lang='lat' dir='ltr'><strong>Victore</strong></span> <span class='ocrx_word' id='word_1_16' title='bbox 464 1235 535 1284; x_wconf 84' lang='lat' dir='ltr'><strong>laetua</strong></span> <span class='ocrx_word' id='word_1_17' title='bbox 547 1236 652 1297; x_wconf 70' lang='lat' dir='ltr'><strong>casare,</strong></span> 
     </span>
    </p>

    <p class='ocr_par' dir='ltr' id='par_1_6' title="bbox 324 1316 873 1473">
     <span class='ocr_line' id='line_1_7' title="bbox 324 1316 873 1388; baseline 0.005 -18"><span class='ocrx_word' id='word_1_18' title='bbox 324 1325 415 1372; x_wconf 83' lang='lat' dir='ltr'><strong>Tecum</strong></span> <span class='ocrx_word' id='word_1_19' title='bbox 426 1324 531 1372; x_wconf 80' lang='lat' dir='ltr'><strong>subalta</strong></span> <span class='ocrx_word' id='word_1_20' title='bbox 546 1325 591 1388; x_wconf 85' lang='lat' dir='ltr'><strong>(sie</strong></span> <span class='ocrx_word' id='word_1_21' title='bbox 602 1326 659 1375; x_wconf 83' lang='lat' dir='ltr'><strong>Jovi</strong></span> <span class='ocrx_word' id='word_1_22' title='bbox 669 1323 774 1387; x_wconf 75' lang='lat' dir='ltr'><strong>gratum)</strong></span> <span class='ocrx_word' id='word_1_23' title='bbox 790 1316 873 1384; x_wconf 86' lang='lat' dir='ltr'><strong>domo,</strong></span> 
     </span>
     <span class='ocr_line' id='line_1_8' title="bbox 358 1412 676 1473; baseline 0.003 -14"><span class='ocrx_word' id='word_1_24' title='bbox 358 1413 431 1459; x_wconf 84' lang='lat' dir='ltr'><strong>Beate</strong></span> <span class='ocrx_word' id='word_1_25' title='bbox 442 1413 574 1473; x_wconf 75' lang='lat' dir='ltr'><strong>Maecenas,</strong></span> <span class='ocrx_word' id='word_1_26' title='bbox 585 1412 676 1473; x_wconf 83' lang='lat' dir='ltr'>bibam,</span> 
     </span>
    </p>

    <p class='ocr_par' dir='ltr' id='par_1_7' title="bbox 326 1500 808 1648">
     <span class='ocr_line' id='line_1_9' title="bbox 326 1500 808 1562; baseline 0.004 -16"><span class='ocrx_word' id='word_1_27' title='bbox 326 1500 433 1554; x_wconf 81' lang='lat' dir='ltr'><strong>sonante</strong></span> <span class='ocrx_word' id='word_1_28' title='bbox 444 1500 549 1548; x_wconf 85' lang='lat' dir='ltr'><strong>mixtum</strong></span> <span class='ocrx_word' id='word_1_29' title='bbox 559 1500 625 1548; x_wconf 77' lang='lat' dir='ltr'><strong>tibiis</strong></span> <span class='ocrx_word' id='word_1_30' title='bbox 636 1513 734 1548; x_wconf 78' lang='lat' dir='ltr'><strong>mrmen</strong></span> <span class='ocrx_word' id='word_1_31' title='bbox 745 1502 808 1562; x_wconf 85' lang='lat' dir='ltr'><strong>lyra,</strong></span> 
     </span>
     <span class='ocr_line' id='line_1_10' title="bbox 359 1587 759 1648; baseline -0.003 -12"><span class='ocrx_word' id='word_1_32' title='bbox 359 1589 410 1635; x_wconf 84' lang='lat' dir='ltr'><strong>Hac</strong></span> <span class='ocrx_word' id='word_1_33' title='bbox 420 1588 533 1648; x_wconf 87' lang='lat' dir='ltr'><strong>Dorium,</strong></span> <span class='ocrx_word' id='word_1_34' title='bbox 544 1587 594 1636; x_wconf 83' lang='lat' dir='ltr'><strong>illis</strong></span> <span class='ocrx_word' id='word_1_35' title='bbox 605 1589 759 1635; x_wconf 80' lang='lat' dir='ltr'><strong>Barbarum?</strong></span> 
     </span>
    </p>

    <p class='ocr_par' dir='ltr' id='par_1_8' title="bbox 327 1673 828 1826">
     <span class='ocr_line' id='line_1_11' title="bbox 327 1673 828 1739; baseline -0.01 -12"><span class='ocrx_word' id='word_1_36' title='bbox 327 1677 362 1726; x_wconf 90' lang='lat' dir='ltr'><strong>Ut</strong></span> <span class='ocrx_word' id='word_1_37' title='bbox 373 1691 461 1739; x_wconf 85' lang='lat' dir='ltr'><strong>nuper,</strong></span> <span class='ocrx_word' id='word_1_38' title='bbox 473 1685 539 1726; x_wconf 81' lang='lat' dir='ltr'><strong>actus</strong></span> <span class='ocrx_word' id='word_1_39' title='bbox 551 1690 609 1726; x_wconf 54' lang='lat' dir='ltr'><strong>eum*</strong></span> <span class='ocrx_word' id='word_1_40' title='bbox 617 1676 680 1724; x_wconf 86' lang='lat' dir='ltr'><strong>freto</strong></span> <span class='ocrx_word' id='word_1_41' title='bbox 692 1673 828 1738; x_wconf 74' lang='lat' dir='ltr'><strong>Neptunius</strong></span> 
     </span>
     <span class='ocr_line' id='line_1_12' title="bbox 358 1762 692 1826; baseline -0.003 -14"><span class='ocrx_word' id='word_1_42' title='bbox 358 1767 415 1812; x_wconf 83' lang='lat' dir='ltr'><strong>Dux</strong></span> <span class='ocrx_word' id='word_1_43' title='bbox 426 1765 496 1826; x_wconf 82' lang='lat' dir='ltr'><strong>fugit,</strong></span> <span class='ocrx_word' id='word_1_44' title='bbox 507 1765 569 1814; x_wconf 82' lang='lat' dir='ltr'><strong>ustie</strong></span> <span class='ocrx_word' id='word_1_45' title='bbox 580 1762 692 1823; x_wconf 80' lang='lat' dir='ltr'><strong>navibus,</strong></span> 
     </span>
    </p>

    <p class='ocr_par' dir='ltr' id='par_1_9' title="bbox 327 1851 837 2004">
     <span class='ocr_line' id='line_1_13' title="bbox 327 1851 837 1920; baseline 0 -20"><span class='ocrx_word' id='word_1_46' title='bbox 327 1853 436 1902; x_wconf 84' lang='lat' dir='ltr'>Minatus</span> <span class='ocrx_word' id='word_1_47' title='bbox 448 1854 503 1902; x_wconf 88' lang='lat' dir='ltr'><strong>urbi</strong></span> <span class='ocrx_word' id='word_1_48' title='bbox 512 1854 602 1913; x_wconf 83' lang='lat' dir='ltr'><strong>vincla,</strong></span> <span class='ocrx_word' id='word_1_49' title='bbox 613 1867 666 1914; x_wconf 86' lang='lat' dir='ltr'><strong>quae</strong></span> <span class='ocrx_word' id='word_1_50' title='bbox 678 1851 815 1901; x_wconf 79' lang='lat' dir='ltr'>detraxerat</span> <span class='ocrx_word' id='word_1_51' title='bbox 834 1915 837 1920; x_wconf 24' lang='grc' dir='ltr'>ι</span> 
     </span>
     <span class='ocr_line' id='line_1_14' title="bbox 360 1940 661 2004; baseline -0.007 -14"><span class='ocrx_word' id='word_1_52' title='bbox 360 1942 440 1990; x_wconf 83' lang='lat' dir='ltr'><strong>Servis</strong></span> <span class='ocrx_word' id='word_1_53' title='bbox 451 1942 542 1990; x_wconf 83' lang='lat' dir='ltr'><strong>amicus</strong></span> <span class='ocrx_word' id='word_1_54' title='bbox 554 1940 661 2004; x_wconf 85' lang='lat' dir='ltr'><strong>perfidia.</strong></span> 
     </span>
    </p>

    <p class='ocr_par' dir='ltr' id='par_1_10' title="bbox 326 2029 810 2181">
     <span class='ocr_line' id='line_1_15' title="bbox 326 2029 810 2094; baseline 0.002 -17"><span class='ocrx_word' id='word_1_55' title='bbox 326 2030 460 2090; x_wconf 81' lang='lat' dir='ltr'><strong>Romanus,</strong></span> <span class='ocrx_word' id='word_1_56' title='bbox 471 2031 547 2078; x_wconf 87' lang='lat' dir='ltr'><strong>eheu!</strong></span> <span class='ocrx_word' id='word_1_57' title='bbox 570 2029 671 2094; x_wconf 75' lang='lat' dir='ltr'>(posteri</span> <span class='ocrx_word' id='word_1_58' title='bbox 683 2029 810 2091; x_wconf 78' lang='lat' dir='ltr'><strong>negabitis]</strong></span> 
     </span>
     <span class='ocr_line' id='line_1_16' title="bbox 361 2118 649 2181; baseline 0.007 -15"><span class='ocrx_word' id='word_1_59' title='bbox 361 2118 530 2181; x_wconf 84' lang='lat' dir='ltr'><strong>Emancipatus</strong></span> <span class='ocrx_word' id='word_1_60' title='bbox 541 2119 649 2180; x_wconf 76' lang='lat' dir='ltr'><strong>feminae,</strong></span> 
     </span>
    </p>

    <p class='ocr_par' dir='ltr' id='par_1_11' title="bbox 329 2207 887 2358">
     <span class='ocr_line' id='line_1_17' title="bbox 329 2207 887 2271; baseline 0.004 -16"><span class='ocrx_word' id='word_1_61' title='bbox 329 2209 385 2255; x_wconf 85' lang='lat' dir='ltr'><strong>Fert</strong></span> <span class='ocrx_word' id='word_1_62' title='bbox 395 2209 487 2256; x_wconf 88' lang='lat' dir='ltr'><strong>vallum</strong></span> <span class='ocrx_word' id='word_1_63' title='bbox 498 2215 522 2256; x_wconf 92' lang='lat' dir='ltr'><strong>et</strong></span> <span class='ocrx_word' id='word_1_64' title='bbox 533 2221 601 2256; x_wconf 88' lang='lat' dir='ltr'><strong>arma</strong></span> <span class='ocrx_word' id='word_1_65' title='bbox 613 2207 694 2268; x_wconf 83' lang='lat' dir='ltr'><strong>miles,</strong></span> <span class='ocrx_word' id='word_1_66' title='bbox 706 2218 730 2258; x_wconf 89' lang='lat' dir='ltr'><strong>et</strong></span> <span class='ocrx_word' id='word_1_67' title='bbox 740 2209 887 2271; x_wconf 76' lang='lat' dir='ltr'><strong>spadonibus</strong></span> 
     </span>
     <span class='ocr_line' id='line_1_18' title="bbox 360 2294 666 2358; baseline 0.007 -16"><span class='ocrx_word' id='word_1_68' title='bbox 360 2294 455 2343; x_wconf 84' lang='lat' dir='ltr'><strong>Servire</strong></span> <span class='ocrx_word' id='word_1_69' title='bbox 466 2295 559 2355; x_wconf 73' lang='lat' dir='ltr'><strong>rugosis</strong></span> <span class='ocrx_word' id='word_1_70' title='bbox 570 2303 666 2358; x_wconf 80' lang='lat' dir='ltr'><strong>potest3</strong></span> 
     </span>
    </p>

    <p class='ocr_par' dir='ltr' id='par_1_12' title="bbox 329 2381 728 2534">
     <span class='ocr_line' id='line_1_19' title="bbox 329 2381 728 2448; baseline 0.008 -18"><span class='ocrx_word' id='word_1_71' title='bbox 329 2384 442 2444; x_wconf 80' lang='lat' dir='ltr'><strong>Interque</strong></span> <span class='ocrx_word' id='word_1_72' title='bbox 454 2381 602 2448; x_wconf 80' lang='lat' dir='ltr'><strong>signa&#39;turpe</strong></span> <span class='ocrx_word' id='word_1_73' title='bbox 614 2383 728 2433; x_wconf 88' lang='lat' dir='ltr'><strong>militaria</strong></span> 
     </span>
     <span class='ocr_line' id='line_1_20' title="bbox 362 2471 647 2534; baseline 0.007 -16"><span class='ocrx_word' id='word_1_74' title='bbox 362 2472 404 2530; x_wconf 84' lang='lat' dir='ltr'><strong>Sol</strong></span> <span class='ocrx_word' id='word_1_75' title='bbox 416 2471 500 2533; x_wconf 80' lang='lat' dir='ltr'><strong>aspicit</strong></span> <span class='ocrx_word' id='word_1_76' title='bbox 510 2472 647 2534; x_wconf 84' lang='lat' dir='ltr'><strong>conopium.</strong></span> 
     </span>
    </p>

    <p class='ocr_par' dir='ltr' id='par_1_13' title="bbox 330 2559 914 2708">
     <span class='ocr_line' id='line_1_21' title="bbox 330 2559 914 2620; baseline 0 -13"><span class='ocrx_word' id='word_1_77' title='bbox 330 2559 369 2612; x_wconf 88' lang='lat' dir='ltr'><strong>Ad</strong></span> <span class='ocrx_word' id='word_1_78' title='bbox 379 2560 425 2607; x_wconf 85' lang='lat' dir='ltr'><strong>hoe</strong></span> <span class='ocrx_word' id='word_1_79' title='bbox 436 2560 566 2608; x_wconf 78' lang='lat' dir='ltr'><strong>frementes</strong></span> <span class='ocrx_word' id='word_1_80' title='bbox 577 2566 703 2607; x_wconf 83' lang='lat' dir='ltr'><strong>verterunt</strong></span> <span class='ocrx_word' id='word_1_81' title='bbox 712 2559 749 2608; x_wconf 84' lang='lat' dir='ltr'><strong>bia</strong></span> <span class='ocrx_word' id='word_1_82' title='bbox 761 2559 829 2607; x_wconf 89' lang='lat' dir='ltr'><strong>mille</strong></span> <span class='ocrx_word' id='word_1_83' title='bbox 840 2574 914 2620; x_wconf 82' lang='lat' dir='ltr'><strong>equos</strong></span> 
     </span>
     <span class='ocr_line' id='line_1_22' title="bbox 364 2648 701 2708; baseline -0.003 -12"><span class='ocrx_word' id='word_1_84' title='bbox 364 2648 428 2696; x_wconf 85' lang='lat' dir='ltr'><strong>Galli</strong></span> <span class='ocrx_word' id='word_1_85' title='bbox 439 2656 551 2696; x_wconf 79' lang='lat' dir='ltr'><strong>canentes</strong></span> <span class='ocrx_word' id='word_1_86' title='bbox 565 2649 701 2708; x_wconf 78' lang='lat' dir='ltr'><strong>Caeaarem3</strong></span> 
     </span>
    </p>
   </div>
   <div class='ocr_carea' id='block_1_6' title="bbox 316 2730 813 3244">
    <p class='ocr_par' dir='ltr' id='par_1_14' title="bbox 316 2730 813 3244">
     <span class='ocr_line' id='line_1_23' title="bbox 316 2730 788 2801; baseline -0.002 -15"><span class='ocrx_word' id='word_1_87' title='bbox 316 2730 318 2735; x_wconf 61' lang='grc'>’</span> <span class='ocrx_word' id='word_1_88' title='bbox 332 2738 510 2800; x_wconf 82' lang='lat' dir='ltr'><strong>Hostiliumque</strong></span> <span class='ocrx_word' id='word_1_89' title='bbox 521 2739 618 2788; x_wconf 86' lang='lat' dir='ltr'><strong>navium</strong></span> <span class='ocrx_word' id='word_1_90' title='bbox 628 2745 701 2801; x_wconf 88' lang='lat' dir='ltr'><strong>portu</strong></span> <span class='ocrx_word' id='word_1_91' title='bbox 710 2739 788 2787; x_wconf 87' lang='lat' dir='ltr'><strong>latent</strong></span> 
     </span>
     <span class='ocr_line' id='line_1_24' title="bbox 364 2827 714 2891; baseline 0 -15"><span class='ocrx_word' id='word_1_92' title='bbox 364 2830 457 2891; x_wconf 86' lang='lat' dir='ltr'><strong>Puppes</strong></span> <span class='ocrx_word' id='word_1_93' title='bbox 469 2828 639 2876; x_wconf 82' lang='lat' dir='ltr'><strong>sinistrorsum</strong></span> <span class='ocrx_word' id='word_1_94' title='bbox 653 2827 714 2876; x_wconf 87' lang='lat' dir='ltr'><strong>eitae.</strong></span> 
     </span>
     <span class='ocr_line' id='line_1_25' title="bbox 333 2915 762 2978; baseline -0.002 -14"><span class='ocrx_word' id='word_1_95' title='bbox 333 2918 360 2964; x_wconf 90' lang='lat' dir='ltr'><strong>lo</strong></span> <span class='ocrx_word' id='word_1_96' title='bbox 371 2917 514 2978; x_wconf 85' lang='lat' dir='ltr'><strong>Triumphe,</strong></span> <span class='ocrx_word' id='word_1_97' title='bbox 524 2924 551 2964; x_wconf 88' lang='lat' dir='ltr'><strong>tu</strong></span> <span class='ocrx_word' id='word_1_98' title='bbox 562 2915 664 2964; x_wconf 81' lang='lat' dir='ltr'><strong>moraris</strong></span> <span class='ocrx_word' id='word_1_99' title='bbox 676 2930 762 2964; x_wconf 85' lang='lat' dir='ltr'><strong>aureos</strong></span> 
     </span>
     <span class='ocr_line' id='line_1_26' title="bbox 365 3005 713 3065; baseline -0.003 -12"><span class='ocrx_word' id='word_1_100' title='bbox 365 3006 468 3065; x_wconf 86' lang='lat' dir='ltr'><strong>Currus,</strong></span> <span class='ocrx_word' id='word_1_101' title='bbox 480 3013 505 3054; x_wconf 85' lang='lat' dir='ltr'><strong>et</strong></span> <span class='ocrx_word' id='word_1_102' title='bbox 515 3005 615 3054; x_wconf 84' lang='lat' dir='ltr'><strong>intactas</strong></span> <span class='ocrx_word' id='word_1_103' title='bbox 625 3006 697 3052; x_wconf 84' lang='lat' dir='ltr'><strong>boves</strong></span> <span class='ocrx_word' id='word_1_104' title='bbox 707 3025 713 3052; x_wconf 89' lang='lat'>:</span> 
     </span>
     <span class='ocr_line' id='line_1_27' title="bbox 337 3092 813 3157; baseline 0.008 -19"><span class='ocrx_word' id='word_1_105' title='bbox 337 3093 363 3139; x_wconf 91' lang='lat'><strong>10</strong></span> <span class='ocrx_word' id='word_1_106' title='bbox 375 3092 506 3156; x_wconf 86' lang='lat' dir='ltr'><strong>triumphe,</strong></span> <span class='ocrx_word' id='word_1_107' title='bbox 518 3107 562 3141; x_wconf 85' lang='lat' dir='ltr'><strong>nec</strong></span> <span class='ocrx_word' id='word_1_108' title='bbox 572 3093 720 3154; x_wconf 83' lang='lat' dir='ltr'><strong>Jugurthino</strong></span> <span class='ocrx_word' id='word_1_109' title='bbox 731 3107 813 3157; x_wconf 88' lang='lat' dir='ltr'><strong>parem</strong></span> 
     </span>
     <span class='ocr_line' id='line_1_28' title="bbox 369 3181 685 3244; baseline 0.016 -18"><span class='ocrx_word' id='word_1_110' title='bbox 369 3181 440 3228; x_wconf 89' lang='lat' dir='ltr'><strong>Bello</strong></span> <span class='ocrx_word' id='word_1_111' title='bbox 451 3181 579 3243; x_wconf 84' lang='lat' dir='ltr'><strong>reportasti</strong></span> <span class='ocrx_word' id='word_1_112' title='bbox 590 3181 685 3244; x_wconf 88' lang='lat' dir='ltr'><strong>ducem,</strong></span> 
     </span>
    </p>
   </div>
   <div class='ocr_carea' id='block_1_7' title="bbox 0 0 1232 3860">
    <p class='ocr_par' dir='ltr' id='par_1_15' title="bbox 0 0 1232 3860">
     <span class='ocr_line' id='line_1_29' title="bbox 0 0 1232 3860; baseline 0 0"><span class='ocrx_word' id='word_1_113' title='bbox 0 0 1232 3860; x_wconf 95' lang='lat' dir='ltr'><strong> </strong></span> 
     </span>
    </p>
   </div>
  </div>
 </body>
</html>
