2400 3898
348 535 585 630 EPiSTOLARUM
603 583 665 630 LIB.
683 582 715 630 11.
732 581 758 630 ii.
904 581 951 629 319

28 693 32 697 ’
67 747 69 752 ,
153 705 204 754 Sub
216 713 311 757 noctem
322 708 424 768 guidam
433 707 505 770 lignis
516 709 642 758 calefactat
652 709 774 772 alienum

152 795 200 844 Sed
210 803 279 846 voeat
288 809 365 858 usque
373 812 454 858 auum,
466 811 514 859 qua
523 800 628 861 populns
640 797 718 848 adsita
726 797 800 848 certis

153 883 280 934 Limitibus
291 887 368 935 vicina
379 887 468 948 refugit
475 887 572 948 jurgia3
589 895 704 948 tanquam

151 972 189 1021 Sit
199 974 325 1037 proprium
336 975 477 1037 quidquam,
487 983 577 1037 puncto
585 974 651 1036 qnod
662 975 759 1023 mobilis
770 973 838 1024 horae

151 1063 222 1110 Nunc
233 1077 313 1125 prece,
325 1078 389 1111 nunc
397 1063 486 1125 pretio,
498 1077 563 1111 nunc
573 1063 608 1122 vi,
619 1078 684 1111 nunc
694 1071 761 1112 sorte
773 1078 884 1127 suprema

151 1151 275 1199 Permutat
285 1151 408 1210 dominos,
420 1157 445 1198 et
455 1150 524 1198 cedat
533 1150 559 1198 in
571 1151 720 1210 alteralura.
933 1135 936 1144 ’

150 1238 190 1287 Sic
201 1239 258 1300 quia
268 1247 397 1302 perpetum
409 1239 472 1287 nulli
483 1239 553 1287 datur
563 1253 632 1298 neue,
644 1247 668 1287 et
680 1239 756 1288 hares

149 1328 277 1376 Haeredem
289 1328 399 1388 alteriue,
410 1329 477 1377 velut
487 1327 553 1376 unda
563 1328 700 1391 supervenit
710 1328 801 1377 undam
811 1349 819 1390 3

149 1416 214 1469 Quid
224 1416 270 1465 vici
280 1424 393 1480 prosunt,
404 1425 446 1466 aut
456 1417 544 1465 horrea
557 1419 567 1464 ἓ
586 1416 672 1478 quidve
685 1417 795 1466 Calabria

148 1503 254 1554 Saltibus
264 1505 350 1565 adiecti
361 1504 462 1566 Laeani,
473 1505 494 1554 ei
506 1504 575 1553 metit
586 1505 665 1554 Otene

103 1613 105 1617 ·
147 1592 254 1643 Grandia
263 1608 319 1642 cum
331 1594 420 1656 parvis,
429 1609 479 1654 non
490 1593 621 1642 exorabilis
632 1598 711 1642 auro?

147 1682 271 1741 Gemmas,
283 1695 400 1742 marmor,
411 1683 483 1741 ebur,
493 1682 621 1744 Tyrrhena
631 1681 720 1742 sigilla,
730 1679 842 1742 tabellae,
893 1733 895 1738 ,

145 1770 291 1831 Argentum,
302 1779 379 1818 vestes
391 1771 487 1818 Gaeonlo
499 1769 697 1828 murmuretur,

146 1858 209 1907 Sunt
219 1858 261 1919 qui
273 1872 323 1906 non
334 1858 448 1917 habeant,
460 1856 547 1918 estqui
559 1871 609 1904 non
620 1864 689 1905 curat
698 1857 795 1908 habere.

147 1948 197 1996 Cur
209 1948 270 1996 alter
281 1949 384 1995 fratrum
395 1960 499 2005 cesama,
511 1954 536 1995 et
546 1946 641 2006 ludere,
652 1953 677 1994 et
687 1923 762 2007 unguii

146 2036 263 2084 Praeferat
275 2035 379 2083 Herodis
390 2034 500 2097 palmetis
511 2034 656 2096 pinguibua;
674 2035 745 2088 alter.

145 2123 216 2172 Dives
228 2130 253 2172 et
264 2124 427 2186 importunus,
439 2121 470 2170 ad
481 2123 592 2170 umbram
603 2122 664 2171 lucis
675 2123 705 2170 ab
717 2130 773 2172 oron

145 2211 285 2261 Silvestrem
297 2211 402 2260 dammis
413 2219 437 2259 et
448 2211 514 2260 ferro
526 2209 619 2270 mitiget
633 2223 735 2272 agrum5

144 2299 195 2348 Scit
206 2291 309 2359 Genius,
320 2300 401 2348 natale
411 2313 492 2348 comeo
503 2298 545 2360 qui
556 2305 674 2361 temperat
684 2297 787 2360 autrum,

145 2388 245 2436 Natura>
257 2387 315 2436 dene
327 2388 450 2448 humana,
463 2386 572 2435 mortalia
584 2383 610 2434 iu
621 2400 711 2435 nnum-

145 2477 264 2538 Quodque
272 2484 353 2538 caput,
366 2477 435 2524 vultu
446 2475 580 2532 mutabilia,
592 2475 660 2522 albne
672 2481 697 2522 et
706 2481 766 2522 ater.

145 2565 217 2625 Utar,
229 2573 295 2614 etex
306 2565 401 2613 modico
412 2571 531 2626 quantum
543 2577 581 2611 rea
592 2569 675 2624 poscet
686 2574 770 2610 aoerro

143 2653 256 2714 'l'ollam3
273 2667 318 2701 nec
329 2659 436 2701 metuam
447 2652 505 2714 quid
516 2651 545 2700 de
558 2665 596 2699 me
605 2650 697 2712 judicet
707 2650 795 2709 haeree,

144 2740 217 2794 Quod
227 2755 277 2789 non
287 2742 358 2804 plura
368 2741 429 2789 datia
442 2739 569 2788 invenerit.
602 2739 634 2786 Et
645 2746 725 2786 tamen
737 2735 802 2785 idem
816 2753 821 2764 ·

144 2827 211 2877 Scire
221 2829 302 2876 volam
313 2837 430 2890 quantum
442 2828 545 2890 simplex
557 2825 689 2886 hilarisque
700 2822 782 2886 nepoti

144 2917 279 2980 Dieerepet,
290 2924 315 2965 et
325 2923 442 2977 quantum
454 2915 573 2964 discordet
584 2925 670 2975 parcus
681 2925 761 2986 avaro.

143 3006 223 3054 Distat
233 3004 310 3066 enim,
319 3017 415 3067 spargat
426 3012 469 3052 ma
478 3002 603 3066 prodigus,
615 3014 646 3049 aa
659 3013 736 3066 neque
747 3006 855 3048 sumtum
917 3053 920 3059 ¹

144 3094 236 3144 lavitae
248 3093 331 3154 iacias,
344 3107 421 3155 neque
432 3095 502 3155 plura
513 3105 598 3156 parare
610 3092 721 3151 labores;

142 3185 178 3232 Ac
188 3183 278 3246 potius,
289 3195 350 3249 puer
359 3190 388 3231 ut
398 3180 466 3230 festia
477 3179 662 3243 quinquatribus
674 3177 744 3237 olim,
