2438 3860
345 506 530 556 CARMlNUM
548 509 610 556 LIB.
623 509 668 558 ΙΙΙ.
684 508 770 558 xxviii.
911 511 955 559 117

284 633 356 693 Mox,
367 634 410 682 ubi
421 635 480 683 lusit
491 636 559 696 setin,
572 635 710 700 Abstineto,

284 721 362 783 Dixit,
374 723 465 773 irarum
476 724 607 786 calidaeque
619 726 690 787 rixae,

286 810 348 858 Cum
359 810 404 859 tibi
415 811 507 862 invisus
518 815 647 862 laceranda
658 814 742 863 reddet

414 901 513 950 Cornua
522 910 615 950 taurus.

285 1063 356 1110 Uxor
368 1062 450 1111 invicti
461 1063 530 1112 Jovie
541 1076 594 1111 esse
606 1064 697 1112 nescis:

285 1149 358 1198 Mitte
370 1150 505 1212 singultum
522 1153 584 1200 bene
596 1151 661 1200 ferre
672 1165 783 1213 magnam

285 1237 357 1286 Dieoe
368 1239 492 1288 fortunam
503 1259 508 1287 :
526 1247 569 1288 tua
580 1247 658 1289 sectius
670 1241 736 1290 orbis

415 1327 522 1376 Nomina
532 1327 610 1377 ducet.

454 1515 521 1564 ODE
539 1517 655 1566 XXVIII.

371 1663 374 1668 '
478 1675 514 1710 nn
530 1676 626 1710 urnnu.

253 1779 335 1827 Fnsro
347 1778 405 1840 quid
415 1778 496 1841 potius
508 1780 546 1828 die
717 1830 719 1835 .

285 1867 394 1929 Neptuni
405 1866 510 1916 faciem?
530 1869 619 1917 Prome
630 1869 793 1928 recondimm,

252 1954 328 2017 Lyde,
340 1961 439 2002 enenua
451 1954 592 2015 Caecubum,

285 2042 437 2103 Munitaeque
448 2042 535 2090 adhibe
546 2043 594 2091 vim
607 2043 738 2106 sapientire.

254 2129 375 2179 inclinare
386 2128 513 2178 meridiem

285 2217 385 2280 sentin
403 2232 440 2279 uc,
452 2217 527 2267 veluti
539 2226 587 2268 niet
596 2218 702 2268 volucris
714 2219 776 2280 dies,

253 2306 336 2354 Parcis
347 2306 456 2369 deripere
467 2307 556 2356 horreo

286 2397 427 2444 Cessantem
438 2395 520 2445 Bibuli
530 2397 638 2446 consulis
649 2398 800 2460 amphoram.

253 2486 306 2533 Nos
316 2485 466 2534 cantabimus
478 2485 581 2535 invicem
637 2485 641 2488 ’

286 2575 438 2636 Neptunum,
450 2582 475 2623 et
486 2575 574 2624 virides
586 2575 722 2625 Nereidum
734 2590 829 2625 comae:

252 2663 290 2708 'Iu
302 2675 376 2710 curva
385 2662 478 2711 recines
490 2664 544 2726 lyra

284 2750 413 2811 Latonam,
426 2759 451 2799 et
461 2751 547 2800 celeris
558 2751 651 2812 spicula
663 2751 787 2814 Cynthiae:

253 2839 355 2886 Summo
366 2837 484 2899 carmine,
496 2853 549 2900 quae
561 2839 659 2888 Gnidon

285 2927 461 2989 Fulgenteeque
472 2935 539 2977 tenet
552 2927 679 2992 Cycladas,
690 2937 715 2976 et
726 2928 826 2990 Paphon

253 3012 350 3062 Junctu
363 3013 418 3062 vuit
428 3013 551 3065 o'loribus:

285 3101 385 3150 Dicetur
396 3102 483 3152 merite
495 3107 552 3154 Nox
564 3119 659 3166 quoque
671 3104 757 3153 naenia.
826 3145 833 3162 ,
