2438 3860
501 540 531 590 Q.
550 529 688 582 HORATil
698 523 821 574 -FLACCI

396 671 458 734 (Nee
469 667 559 726 loquax
571 658 631 708 olim
642 669 719 718 neque
730 660 807 715 grata,
819 655 920 698 nuncet

392 755 499 806 Divitum
508 747 598 799 mensis
609 753 633 794 et
644 743 722 792 amica
732 737 840 802 templis)

286 821 291 834 Ι
392 846 437 894 Dic
448 841 543 901 modos,
555 836 619 900 Lyde
630 833 716 895 quibus
728 829 859 879 obstinatas

521 927 632 991 Applicet
643 936 726 972 aures:

397 1110 467 1170 Quiza,
479 1105 545 1152 velut
556 1098 612 1148 latis
623 1109 684 1158 equa
694 1092 767 1142 trima
778 1086 879 1149 eampis,

398 1197 469 1248 Ludit
479 1192 604 1250 exsultim,
616 1184 748 1245 metuitque
758 1177 834 1239 tangi,

399 1285 544 1348 Nuptiarum
555 1290 651 1340 expers,
664 1279 688 1321 et
699 1271 775 1320 adhuc
786 1273 899 1330 protervo

527 1366 608 1418 Cruda
619 1362 714 1412 marito.

400 1549 438 1594 'lu
451 1549 517 1604 potes
528 1538 600 1597 tigres
612 1531 758 1590 comitesque
770 1526 841 1575 silvas
879 1561 882 1566 Α

402 1637 504 1689 Ducere,
516 1634 541 1676 et
551 1626 615 1672 rivos
626 1623 716 1670 celeres
724 1613 831 1665 morari:

405 1719 483 1772 Cessit
492 1712 605 1765 immanis
616 1709 661 1757 tibi
671 1702 806 1755 blandienti

530 1805 545 1853 J
548 1801 627 1850 unitor
638 1797 701 1846 atilae

407 1984 524 2033 Cerberus
535 1998 543 2041 3
560 1971 667 2038 quamvis
679 1967 766 2018 uuiale
776 1970 874 2014 eentum

407 2072 521 2121 Muniant
530 2078 619 2128 angues
631 2067 701 2125 caput
712 2060 773 2119 ejus,
785 2061 855 2115 atque

411 2159 513 2222 Spiritus
525 2163 586 2204 teter
598 2150 723 2209 saniesque
734 2149 815 2193 manet

536 2243 586 2292 Ore
597 2236 714 2297 trilingui.

411 2420 475 2475 Quin
488 2423 513 2465 et
523 2413 594 2463 Ixion
605 2410 736 2470 Tityosque
746 2402 814 2450 vultu

351 2499 355 2510 ‘
410 2503 572 2556 Risitinvito:
590 2489 838 2551 suuturnapauum

412 2594 488 2652 Sicca,
500 2589 557 2637 dum
568 2590 636 2646 grato
648 2577 726 2627 Danai
738 2575 829 2639 puellas

539 2669 653 2722 Carmine
664 2667 770 2715 muioes..

414 2852 502 2904 Audiat
513 2847 576 2911 Lyde
588 2845 665 2894 scelus
677 2848 747 2902 atque
758 2843 827 2884 notas

413 2940 539 3003 virginum
549 2947 644 2998 peenas,
655 2938 680 2979 et
691 2929 762 2977 inane
772 2923 876 2987 lymphae

415 3030 513 3082 Dolium
525 3023 600 3074 fundo
612 3016 733 3083 pereuntis
743 3015 805 3075 imo,

544 3114 647 3172 Seraque
659 3107 717 3167 fata,
