2438 3860
372 553 555 602 CARMINUM
573 553 635 602 ΜΒ.
653 555 697 602 111.
714 553 746 601 vi.

290 681 347 728 lum
357 679 394 728 bis
405 681 526 730 Monesen
537 687 562 728 et
572 680 657 728 Pacori
669 693 755 728 manus

291 767 347 815 Non
359 768 493 830 auspicatos
505 768 615 818 contudit
626 769 730 831 impetus

322 857 436 915 Nostros,
448 863 473 904 et
483 856 599 916 adiecisse
611 856 718 918 praedum

354 943 491 1004 'l'orquibus
502 943 595 1004 exiguis
606 943 707 992 renidet.

291 1116 361 1162 Paene
372 1122 512 1177 occupatam
523 1113 681 1162 seditionibus
705 1123 709 1128 ’

289 1202 384 1250 Delevit
394 1204 479 1250 urbem
492 1204 572 1250 Decus
583 1207 609 1248 et
619 1201 749 1262 AEthiops3

323 1289 369 1337 llic
379 1290 456 1337 classe
467 1288 622 1348 formidatus,
634 1289 676 1336 ille

354 1375 489 1425 Missilibus
501 1375 588 1426 melier
602 1376 702 1438 sagittis.

290 1549 411 1597 Foecuudn
420 1551 497 1614 culpae
509 1553 598 1602 saeculu
608 1552 705 1614 nuptias
766 1619 769 1628 ι

289 1635 398 1686 Primum
408 1637 573 1701 inquinavere,
585 1649 610 1690 et
621 1655 696 1702 genus
699 1676 708 1701 ,
719 1646 744 1688 et
754 1638 839 1687 domos

322 1727 374 1776 Hoc
386 1727 453 1776 fonte
464 1728 571 1778 derivata
581 1729 660 1777 eludes

353 1815 382 1863 In
393 1816 496 1877 petriam
506 1818 672 1879 populumque
682 1816 761 1864 fluxit.

290 1985 374 2032 Mones
386 1984 466 2033 doeeri
477 1984 565 2045 mutiet
576 1984 671 2032 louieos

290 2071 389 2118 Mature
398 2071 465 2132 virgo
474 2091 482 2132 ς
499 2079 524 2118 et
534 2070 633 2130 lingitur
644 2071 742 2118 artubus

321 2159 380 2206 Jum
392 2173 466 2217 nunc,
478 2165 503 2205 et
514 2158 618 2206 incestos
630 2170 724 2204 amores

355 2249 391 2294 De
402 2254 486 2295 tenero
497 2245 626 2294 meditatur
637 2245 728 2306 ungui3
810 2275 816 2284 ·

291 2425 353 2470 Mox
360 2418 470 2480 juniores
481 2419 568 2480 quaerit
581 2419 703 2468 adulteros

292 2512 357 2558 luter
369 2505 450 2558 mariti
460 2506 530 2567 vine;
548 2519 627 2567 neque
637 2506 705 2568 eligit

324 2595 369 2644 Cui
380 2594 455 2643 donet
465 2593 616 2656 inpermissa
626 2593 714 2655 raptim

355 2681 458 2739 (iendis,
468 2680 601 2728 luminibus
612 2681 726 2730 remotis:

292 2853 340 2902 Sed
346 2856 416 2914 iussn
425 2867 508 2903 eornm
519 2866 568 2901 non
581 2852 635 2900 sine
644 2852 741 2900 conscio

293 2943 374 3003 Surgit
385 2942 485 2991 marito:
503 2955 546 2990 seu
558 2948 625 2989 voest
635 2940 743 3000 institor,

276 3089 279 3093 ,
325 3032 372 3080 Seu
382 3030 450 3079 navis
462 3030 576 3092 Hispane
588 3028 711 3090 magister,

356 3119 507 3167 Dedecerum
518 3117 637 3179 pretiosus
648 3119 736 3162 emtor.

931 553 961 600 89
