2438 3860
258 567 302 612 110

488 575 517 626 Q·
537 573 676 625 HORATll
693 580 810 630 FLACCI

566 773 633 823 ODE
651 778 741 826 XXIV.
790 735 797 750 1

350 945 468 992 irrrc‘rrs
480 947 618 1007 opulentior

380 1032 511 1082 Thesaurie
523 1035 633 1084 Arabum
645 1045 669 1086 et
680 1039 761 1089 divitis
773 1042 859 1104 lndiae,

348 1121 477 1172 crementis
489 1121 547 1170 lieet
558 1137 660 1188 occupes

377 1210 531 1272 'lyrrhenum
542 1225 615 1261 omne
626 1215 675 1264 tuis
687 1223 711 1264 et
722 1231 789 1268 mare
800 1221 940 1282 Apulicum,
1041 1249 1049 1267 ·

345 1297 371 1345 Si
383 1297 434 1358 figit
445 1298 612 1350 adamantinos

376 1385 483 1434 Summis
494 1387 623 1436 verticibus
635 1389 687 1438 dira
699 1393 835 1443 Necessitas

344 1475 441 1534 clavos,
453 1489 503 1523 non
515 1476 625 1525 animum
637 1488 713 1540 metu,

283 1553 288 1557 “
375 1563 432 1610 Non
443 1563 529 1611 mortis
541 1564 633 1625 laqueis
643 1567 756 1628 expedies
768 1579 847 1632 caput.

341 1650 492 1711 Campestres
504 1651 591 1700 melius
604 1653 698 1716 Scythoe

236 1789 242 1797 ,
340 1787 345 1796 ,
375 1738 496 1801 (Quorum
508 1741 616 1802 plaustra
626 1757 696 1804 vagae
708 1720 754 1794 rite
765 1747 866 1797 trahunt
875 1750 971 1814 domos)

338 1825 438 1886 Vivunt,
451 1835 475 1876 et
485 1827 556 1889 rigidi
568 1826 645 1890 θείω,
685 1881 690 1892 ,

370 1915 496 1964 lmmetata
507 1917 597 1977 quibus
602 1919 687 1980 jugera
697 1921 785 1972 liberae

336 2003 425 2064 Fruges
436 2013 461 2054 et
473 2006 586 2054 Cererem
598 2010 691 2070 ferunt,

367 2095 419 2142 Nec
429 2097 524 2144 cultura
534 2097 612 2158 placet
622 2098 718 2160 longior
729 2115 825 2165 annua5

334 2180 529 2244 Defunctumque
539 2185 662 2234 laboribus
848 2186 851 2190 ’

364 2269 462 2330 AEquaii
474 2279 566 2320 recreat
577 2281 643 2320 sorte
653 2274 765 2326 vicarius.

334 2356 388 2404 lllie
398 2365 475 2406 matre
486 2359 622 2408 carentibus

362 2444 481 2504 Privignis
494 2447 582 2494 mulier
592 2455 711 2510 temperat
723 2451 851 2503 innocens:

331 2534 382 2580 Nec
393 2532 475 2580 dotata
484 2533 545 2593 regit
556 2533 636 2582 virum

362 2621 468 2682 conjux,
478 2635 521 2669 nec
533 2621 610 2670 nitido
621 2623 674 2673 fidit
684 2626 802 2677 adultero.

325 2711 376 2758 Dos
387 2715 424 2757 est
434 2723 521 2770 magna
532 2711 669 2773 parentium

356 2798 450 2860 vimis,
463 2807 488 2847 et
498 2808 608 2850 metuens
621 2801 720 2850 alterius
732 2803 776 2851 viri

325 2886 397 2934 Certo
409 2886 500 2937 foedere
511 2889 617 2950 castitas,

355 2979 388 3026 Er
395 2993 493 3041 peecare
504 2978 580 3039 nefas,
593 2987 635 3028 aut
646 2979 750 3042 pretium
762 2983 847 3033 emori.

322 3068 345 3117 0
356 3068 464 3131 quisquis
475 3071 539 3119 volet
550 3069 636 3132 impias

353 3157 435 3207 Caedes
447 3167 471 3208 et
482 3160 572 3208 rabiem
583 3160 670 3209 tollere
681 3161 779 3212 civicam
789 3183 797 3225 ;
