<?xml version="1.0" encoding="UTF-8"?>
<!DOCTYPE html PUBLIC "-//W3C//DTD XHTML 1.0 Transitional//EN"
    "http://www.w3.org/TR/xhtml1/DTD/xhtml1-transitional.dtd">
<html xmlns="http://www.w3.org/1999/xhtml" xml:lang="en" lang="en">
 <head>
  <title>
</title>
<meta http-equiv="Content-Type" content="text/html;charset=utf-8" />
  <meta name='ocr-system' content='tesseract 3.04.00' />
  <meta name='ocr-capabilities' content='ocr_page ocr_carea ocr_par ocr_line ocrx_word'/>
</head>
<body>
  <div class='ocr_page' id='page_1' title='image "./opera00gesngoog_0330.png"; bbox 0 0 2400 3898; ppageno 0'>
   <div class='ocr_carea' id='block_1_1' title="bbox 406 516 969 572">
    <p class='ocr_par' dir='ltr' id='par_1_1' title="bbox 406 516 969 572">
     <span class='ocr_line' id='line_1_1' title="bbox 406 516 969 572; baseline 0.016 -10"><span class='ocrx_word' id='word_1_1' title='bbox 406 516 449 563; x_wconf 87' lang='lat' dir='ltr'>DE</span> <span class='ocrx_word' id='word_1_2' title='bbox 466 516 554 566; x_wconf 80' lang='lat' dir='ltr'>ARTE</span> <span class='ocrx_word' id='word_1_3' title='bbox 564 518 725 568; x_wconf 83' lang='lat' dir='ltr'><strong>&#39;POETICA.</strong></span> <span class='ocrx_word' id='word_1_4' title='bbox 920 522 969 572; x_wconf 82' lang='lat'>323</span> 
     </span>
    </p>
   </div>
   <div class='ocr_carea' id='block_1_2' title="bbox 124 641 870 3199">
    <p class='ocr_par' dir='ltr' id='par_1_2' title="bbox 165 641 812 971">
     <span class='ocr_line' id='line_1_2' title="bbox 165 641 810 708; baseline 0.006 -16"><span class='ocrx_word' id='word_1_5' title='bbox 165 642 266 692; x_wconf 83' lang='lat' dir='ltr'>Ordinis</span> <span class='ocrx_word' id='word_1_6' title='bbox 278 644 329 691; x_wconf 77' lang='lat' dir='ltr'>haec</span> <span class='ocrx_word' id='word_1_7' title='bbox 340 641 416 692; x_wconf 75' lang='lat' dir='ltr'>virum</span> <span class='ocrx_word' id='word_1_8' title='bbox 427 643 474 692; x_wconf 88' lang='lat' dir='ltr'>erit</span> <span class='ocrx_word' id='word_1_9' title='bbox 485 652 509 694; x_wconf 89' lang='lat' dir='ltr'>et</span> <span class='ocrx_word' id='word_1_10' title='bbox 520 659 605 706; x_wconf 87' lang='lat' dir='ltr'>venus,</span> <span class='ocrx_word' id='word_1_11' title='bbox 617 653 659 696; x_wconf 89' lang='lat' dir='ltr'>aut</span> <span class='ocrx_word' id='word_1_12' title='bbox 670 661 714 708; x_wconf 86' lang='lat' dir='ltr'>ego</span> <span class='ocrx_word' id='word_1_13' title='bbox 727 648 810 708; x_wconf 83' lang='lat' dir='ltr'>fallor,</span> 
     </span>
     <span class='ocr_line' id='line_1_3' title="bbox 166 731 747 792; baseline 0.002 -11"><span class='ocrx_word' id='word_1_14' title='bbox 166 733 201 781; x_wconf 91' lang='lat' dir='ltr'>Ut</span> <span class='ocrx_word' id='word_1_15' title='bbox 209 733 261 791; x_wconf 72' lang='lat' dir='ltr'>iam</span> <span class='ocrx_word' id='word_1_16' title='bbox 274 746 339 780; x_wconf 92' lang='lat' dir='ltr'>nunc</span> <span class='ocrx_word' id='word_1_17' title='bbox 349 731 424 792; x_wconf 85' lang='lat' dir='ltr'>dicat,</span> <span class='ocrx_word' id='word_1_18' title='bbox 434 733 485 792; x_wconf 87' lang='lat' dir='ltr'>jam</span> <span class='ocrx_word' id='word_1_19' title='bbox 497 748 562 782; x_wconf 92' lang='lat' dir='ltr'>nunc</span> <span class='ocrx_word' id='word_1_20' title='bbox 574 733 687 784; x_wconf 77' lang='lat' dir='ltr'>debentia</span> <span class='ocrx_word' id='word_1_21' title='bbox 700 735 747 784; x_wconf 91' lang='lat' dir='ltr'>dici</span> 
     </span>
     <span class='ocr_line' id='line_1_4' title="bbox 166 819 812 885; baseline 0.009 -19"><span class='ocrx_word' id='word_1_22' title='bbox 166 820 283 881; x_wconf 87' lang='lat' dir='ltr'><strong>Pleraque</strong></span> <span class='ocrx_word' id='word_1_23' title='bbox 293 819 399 880; x_wconf 86' lang='lat' dir='ltr'>differat,</span> <span class='ocrx_word' id='word_1_24' title='bbox 410 828 435 869; x_wconf 87' lang='lat' dir='ltr'>et</span> <span class='ocrx_word' id='word_1_25' title='bbox 445 835 552 883; x_wconf 85' lang='lat' dir='ltr'>praesens</span> <span class='ocrx_word' id='word_1_26' title='bbox 563 821 588 870; x_wconf 92' lang='lat' dir='ltr'>in</span> <span class='ocrx_word' id='word_1_27' title='bbox 600 829 696 885; x_wconf 89' lang='lat' dir='ltr'>tempus</span> <span class='ocrx_word' id='word_1_28' title='bbox 707 823 812 872; x_wconf 79' lang='lat' dir='ltr'>omittat.</span> 
     </span>
     <span class='ocr_line' id='line_1_5' title="bbox 166 909 732 971; baseline 0.007 -16"><span class='ocrx_word' id='word_1_29' title='bbox 166 909 194 956; x_wconf 87' lang='lat' dir='ltr'>ln</span> <span class='ocrx_word' id='word_1_30' title='bbox 205 909 285 957; x_wconf 79' lang='lat' dir='ltr'>verbis</span> <span class='ocrx_word' id='word_1_31' title='bbox 296 909 370 958; x_wconf 89' lang='lat' dir='ltr'>etiam</span> <span class='ocrx_word' id='word_1_32' title='bbox 379 909 460 957; x_wconf 89' lang='lat' dir='ltr'>tenuis</span> <span class='ocrx_word' id='word_1_33' title='bbox 471 917 602 971; x_wconf 75' lang='lat' dir='ltr'>cautiusque</span> <span class='ocrx_word' id='word_1_34' title='bbox 613 911 732 971; x_wconf 79' lang='lat' dir='ltr'>serendis,</span> 
     </span>
    </p>

    <p class='ocr_par' dir='ltr' id='par_1_3' title="bbox 163 997 829 1861">
     <span class='ocr_line' id='line_1_6' title="bbox 166 997 823 1060; baseline 0.005 -17"><span class='ocrx_word' id='word_1_35' title='bbox 166 997 219 1044; x_wconf 87' lang='lat' dir='ltr'>Hoc</span> <span class='ocrx_word' id='word_1_36' title='bbox 230 1005 304 1057; x_wconf 88' lang='lat' dir='ltr'>amet,</span> <span class='ocrx_word' id='word_1_37' title='bbox 316 997 363 1046; x_wconf 85' lang='lat' dir='ltr'>hoc</span> <span class='ocrx_word' id='word_1_38' title='bbox 373 1005 472 1060; x_wconf 83' lang='lat' dir='ltr'>spernat</span> <span class='ocrx_word' id='word_1_39' title='bbox 481 997 596 1060; x_wconf 76' lang='lat' dir='ltr'><strong>promissi</strong></span> <span class='ocrx_word' id='word_1_40' title='bbox 604 997 719 1047; x_wconf 82' lang='lat' dir='ltr'>carminis</span> <span class='ocrx_word' id='word_1_41' title='bbox 730 1005 823 1047; x_wconf 85' lang='lat' dir='ltr'>auctor.</span> 
     </span>
     <span class='ocr_line' id='line_1_7' title="bbox 166 1073 721 1147; baseline 0.002 -13"><span class='ocrx_word' id='word_1_42' title='bbox 166 1085 262 1134; x_wconf 82' lang='lat' dir='ltr'>Dixeris</span> <span class='ocrx_word' id='word_1_43' title='bbox 275 1087 379 1147; x_wconf 79' lang='lat' dir='ltr'>egregie,</span> <span class='ocrx_word' id='word_1_44' title='bbox 392 1073 478 1134; x_wconf 87' lang='lat' dir='ltr'>notum</span> <span class='ocrx_word' id='word_1_45' title='bbox 490 1086 511 1134; x_wconf 88' lang='lat' dir='ltr'>si</span> <span class='ocrx_word' id='word_1_46' title='bbox 522 1086 610 1136; x_wconf 88' lang='lat' dir='ltr'>callida</span> <span class='ocrx_word' id='word_1_47' title='bbox 621 1088 721 1135; x_wconf 90' lang='lat' dir='ltr'>verbum</span> 
     </span>
     <span class='ocr_line' id='line_1_8' title="bbox 165 1175 829 1236; baseline 0 -12"><span class='ocrx_word' id='word_1_48' title='bbox 165 1175 304 1224; x_wconf 85' lang='lat' dir='ltr'>Reddiderit</span> <span class='ocrx_word' id='word_1_49' title='bbox 312 1178 428 1236; x_wconf 88' lang='lat' dir='ltr'>junctura</span> <span class='ocrx_word' id='word_1_50' title='bbox 438 1191 537 1224; x_wconf 83' lang='lat' dir='ltr'>novum.</span> <span class='ocrx_word' id='word_1_51' title='bbox 571 1177 598 1226; x_wconf 90' lang='lat' dir='ltr'>Si</span> <span class='ocrx_word' id='word_1_52' title='bbox 609 1177 672 1225; x_wconf 81' lang='lat' dir='ltr'>forte</span> <span class='ocrx_word' id='word_1_53' title='bbox 684 1191 781 1226; x_wconf 89' lang='lat' dir='ltr'>necesse</span> <span class='ocrx_word' id='word_1_54' title='bbox 792 1184 829 1224; x_wconf 84' lang='lat' dir='ltr'>est</span> 
     </span>
     <span class='ocr_line' id='line_1_9' title="bbox 166 1265 759 1326; baseline 0.003 -14"><span class='ocrx_word' id='word_1_55' title='bbox 166 1265 263 1313; x_wconf 88' lang='lat' dir='ltr'>indiciis</span> <span class='ocrx_word' id='word_1_56' title='bbox 276 1272 412 1314; x_wconf 90' lang='lat' dir='ltr'>monstrare</span> <span class='ocrx_word' id='word_1_57' title='bbox 424 1266 561 1314; x_wconf 83' lang='lat' dir='ltr'>recentibus</span> <span class='ocrx_word' id='word_1_58' title='bbox 573 1266 654 1316; x_wconf 79' lang='lat' dir='ltr'>abditu</span> <span class='ocrx_word' id='word_1_59' title='bbox 666 1281 759 1326; x_wconf 90' lang='lat' dir='ltr'>rerum,</span> 
     </span>
     <span class='ocr_line' id='line_1_10' title="bbox 164 1354 704 1417; baseline 0.004 -15"><span class='ocrx_word' id='word_1_60' title='bbox 164 1354 265 1416; x_wconf 82' lang='lat' dir='ltr'>Fingere</span> <span class='ocrx_word' id='word_1_61' title='bbox 276 1355 389 1404; x_wconf 89' lang='lat' dir='ltr'>cinctutis</span> <span class='ocrx_word' id='word_1_62' title='bbox 401 1370 451 1404; x_wconf 89' lang='lat' dir='ltr'>non</span> <span class='ocrx_word' id='word_1_63' title='bbox 465 1356 579 1404; x_wconf 86' lang='lat' dir='ltr'>exaudita</span> <span class='ocrx_word' id='word_1_64' title='bbox 592 1355 704 1417; x_wconf 80' lang='lat' dir='ltr'>Cethegis</span> 
     </span>
     <span class='ocr_line' id='line_1_11' title="bbox 166 1441 808 1514; baseline 0.002 -24"><span class='ocrx_word' id='word_1_65' title='bbox 166 1443 311 1514; x_wconf 79' lang='lat' dir='ltr'>Coptinget3</span> <span class='ocrx_word' id='word_1_66' title='bbox 329 1443 471 1506; x_wconf 82' lang='lat' dir='ltr'>dabiturque</span> <span class='ocrx_word' id='word_1_67' title='bbox 481 1444 581 1493; x_wconf 88' lang='lat' dir='ltr'>licentia</span> <span class='ocrx_word' id='word_1_68' title='bbox 591 1441 671 1492; x_wconf 71' lang='lat' dir='ltr'>sumta</span> <span class='ocrx_word' id='word_1_69' title='bbox 681 1443 808 1506; x_wconf 89' lang='lat' dir='ltr'>pudenter.</span> 
     </span>
     <span class='ocr_line' id='line_1_12' title="bbox 164 1531 824 1596; baseline 0.002 -18"><span class='ocrx_word' id='word_1_70' title='bbox 164 1531 196 1578; x_wconf 83' lang='lat' dir='ltr'>Et</span> <span class='ocrx_word' id='word_1_71' title='bbox 208 1545 270 1580; x_wconf 87' lang='lat' dir='ltr'>nova</span> <span class='ocrx_word' id='word_1_72' title='bbox 280 1531 381 1594; x_wconf 87' lang='lat' dir='ltr'>fictaque</span> <span class='ocrx_word' id='word_1_73' title='bbox 393 1547 471 1596; x_wconf 86' lang='lat' dir='ltr'>nuper</span> <span class='ocrx_word' id='word_1_74' title='bbox 483 1533 608 1582; x_wconf 89' lang='lat' dir='ltr'>habebunt</span> <span class='ocrx_word' id='word_1_75' title='bbox 619 1533 695 1582; x_wconf 87' lang='lat' dir='ltr'>verba</span> <span class='ocrx_word' id='word_1_76' title='bbox 705 1532 789 1592; x_wconf 87' lang='lat' dir='ltr'>fidem,</span> <span class='ocrx_word' id='word_1_77' title='bbox 803 1531 824 1580; x_wconf 91' lang='lat' dir='ltr'>si</span> 
     </span>
     <span class='ocr_line' id='line_1_13' title="bbox 165 1621 806 1684; baseline 0.006 -17"><span class='ocrx_word' id='word_1_78' title='bbox 165 1621 325 1670; x_wconf 79' lang='lat' dir='ltr'>Graecofonte</span> <span class='ocrx_word' id='word_1_79' title='bbox 335 1623 432 1682; x_wconf 89' lang='lat' dir='ltr'>cadant,</span> <span class='ocrx_word' id='word_1_80' title='bbox 444 1637 515 1684; x_wconf 87' lang='lat' dir='ltr'>parce</span> <span class='ocrx_word' id='word_1_81' title='bbox 526 1623 636 1671; x_wconf 84' lang='lat' dir='ltr'>detorta:</span> <span class='ocrx_word' id='word_1_82' title='bbox 655 1623 712 1683; x_wconf 90' lang='lat' dir='ltr'>quid</span> <span class='ocrx_word' id='word_1_83' title='bbox 725 1630 806 1671; x_wconf 87' lang='lat' dir='ltr'>autem</span> 
     </span>
     <span class='ocr_line' id='line_1_14' title="bbox 166 1709 770 1771; baseline 0.002 -14"><span class='ocrx_word' id='word_1_84' title='bbox 166 1709 263 1757; x_wconf 86' lang='lat' dir='ltr'>Caecilio</span> <span class='ocrx_word' id='word_1_85' title='bbox 276 1711 412 1771; x_wconf 85' lang='lat' dir='ltr'>Plautoque</span> <span class='ocrx_word' id='word_1_86' title='bbox 423 1711 489 1758; x_wconf 89' lang='lat' dir='ltr'>dabit</span> <span class='ocrx_word' id='word_1_87' title='bbox 500 1712 635 1769; x_wconf 88' lang='lat' dir='ltr'>Romanus,</span> <span class='ocrx_word' id='word_1_88' title='bbox 647 1710 770 1758; x_wconf 88' lang='lat' dir='ltr'>ademtum</span> 
     </span>
     <span class='ocr_line' id='line_1_15' title="bbox 163 1797 770 1861; baseline 0 -15"><span class='ocrx_word' id='word_1_89' title='bbox 163 1797 266 1859; x_wconf 87' lang='lat' dir='ltr'>Virgilio</span> <span class='ocrx_word' id='word_1_90' title='bbox 277 1797 417 1859; x_wconf 82' lang='lat' dir='ltr'>Varioque?</span> <span class='ocrx_word' id='word_1_91' title='bbox 437 1813 481 1859; x_wconf 91' lang='lat' dir='ltr'>ego</span> <span class='ocrx_word' id='word_1_92' title='bbox 493 1813 546 1859; x_wconf 89' lang='lat' dir='ltr'>cur,</span> <span class='ocrx_word' id='word_1_93' title='bbox 559 1799 682 1860; x_wconf 87' lang='lat' dir='ltr'>acquirere</span> <span class='ocrx_word' id='word_1_94' title='bbox 693 1812 770 1861; x_wconf 91' lang='lat' dir='ltr'>pauca</span> 
     </span>
    </p>

    <p class='ocr_par' dir='ltr' id='par_1_4' title="bbox 133 1887 852 2220">
     <span class='ocr_line' id='line_1_16' title="bbox 164 1887 832 1954; baseline -0.003 -15"><span class='ocrx_word' id='word_1_95' title='bbox 164 1890 190 1940; x_wconf 85' lang='lat' dir='ltr'>Si</span> <span class='ocrx_word' id='word_1_96' title='bbox 202 1905 312 1953; x_wconf 86' lang='lat' dir='ltr'>possum,</span> <span class='ocrx_word' id='word_1_97' title='bbox 325 1889 445 1950; x_wconf 87' lang='lat' dir='ltr'>invideor,</span> <span class='ocrx_word' id='word_1_98' title='bbox 457 1905 513 1938; x_wconf 87' lang='lat' dir='ltr'>cum</span> <span class='ocrx_word' id='word_1_99' title='bbox 524 1890 607 1954; x_wconf 82' lang='lat' dir='ltr'>lingua</span> <span class='ocrx_word' id='word_1_100' title='bbox 619 1890 719 1939; x_wconf 77' lang='lat' dir='ltr'>Catonis</span> <span class='ocrx_word' id='word_1_101' title='bbox 730 1898 756 1938; x_wconf 82' lang='lat' dir='ltr'>et</span> <span class='ocrx_word' id='word_1_102' title='bbox 766 1887 832 1937; x_wconf 88' lang='lat' dir='ltr'>Enni</span> 
     </span>
     <span class='ocr_line' id='line_1_17' title="bbox 133 1960 852 2042; baseline 0 -16"><span class='ocrx_word' id='word_1_103' title='bbox 133 2023 135 2026; x_wconf 88' lang='lat'>.</span> <span class='ocrx_word' id='word_1_104' title='bbox 165 1980 308 2028; x_wconf 89' lang='lat' dir='ltr'>Sermonem</span> <span class='ocrx_word' id='word_1_105' title='bbox 321 1979 426 2042; x_wconf 89' lang='lat' dir='ltr'>patrium</span> <span class='ocrx_word' id='word_1_106' title='bbox 437 1979 559 2041; x_wconf 88' lang='lat' dir='ltr'>ditaverit,</span> <span class='ocrx_word' id='word_1_107' title='bbox 571 1987 597 2029; x_wconf 89' lang='lat' dir='ltr'>et</span> <span class='ocrx_word' id='word_1_108' title='bbox 608 1993 672 2028; x_wconf 88' lang='lat' dir='ltr'>nova</span> <span class='ocrx_word' id='word_1_109' title='bbox 681 1994 764 2028; x_wconf 90' lang='lat' dir='ltr'>rerum</span> <span class='ocrx_word' id='word_1_110' title='bbox 850 1960 852 1964; x_wconf 28' lang='grc' dir='ltr'>Ι</span> 
     </span>
     <span class='ocr_line' id='line_1_18' title="bbox 167 2068 815 2132; baseline -0.002 -15"><span class='ocrx_word' id='word_1_111' title='bbox 167 2069 274 2117; x_wconf 89' lang='lat' dir='ltr'>Nomina</span> <span class='ocrx_word' id='word_1_112' title='bbox 285 2069 433 2132; x_wconf 82' lang='lat' dir='ltr'>protulerit?</span> <span class='ocrx_word' id='word_1_113' title='bbox 469 2069 557 2130; x_wconf 85' lang='lat' dir='ltr'>Licuit,</span> <span class='ocrx_word' id='word_1_114' title='bbox 570 2083 712 2132; x_wconf 83' lang='lat' dir='ltr'>semperque</span> <span class='ocrx_word' id='word_1_115' title='bbox 722 2068 815 2127; x_wconf 89' lang='lat' dir='ltr'>licebit,</span> 
     </span>
     <span class='ocr_line' id='line_1_19' title="bbox 168 2157 758 2220; baseline 0 -14"><span class='ocrx_word' id='word_1_116' title='bbox 168 2157 295 2218; x_wconf 85' lang='lat' dir='ltr'>Signatum</span> <span class='ocrx_word' id='word_1_117' title='bbox 306 2165 425 2220; x_wconf 86' lang='lat' dir='ltr'>praesente</span> <span class='ocrx_word' id='word_1_118' title='bbox 437 2165 496 2206; x_wconf 84' lang='lat' dir='ltr'>nota</span> <span class='ocrx_word' id='word_1_119' title='bbox 505 2157 638 2220; x_wconf 84' lang='lat' dir='ltr'>producere</span> <span class='ocrx_word' id='word_1_120' title='bbox 649 2159 758 2206; x_wconf 88' lang='lat' dir='ltr'>nomen.&#39;</span> 
     </span>
    </p>

    <p class='ocr_par' dir='ltr' id='par_1_5' title="bbox 165 2244 870 2666">
     <span class='ocr_line' id='line_1_20' title="bbox 168 2244 758 2309; baseline -0.002 -14"><span class='ocrx_word' id='word_1_121' title='bbox 168 2248 203 2295; x_wconf 91' lang='lat' dir='ltr'>Ut</span> <span class='ocrx_word' id='word_1_122' title='bbox 215 2245 281 2294; x_wconf 79' lang='lat' dir='ltr'>silvae</span> <span class='ocrx_word' id='word_1_123' title='bbox 294 2244 360 2293; x_wconf 82' lang='lat' dir='ltr'>foliis</span> <span class='ocrx_word' id='word_1_124' title='bbox 371 2260 462 2309; x_wconf 89' lang='lat' dir='ltr'>pronos</span> <span class='ocrx_word' id='word_1_125' title='bbox 473 2253 598 2294; x_wconf 89' lang='lat' dir='ltr'>mutantur</span> <span class='ocrx_word' id='word_1_126' title='bbox 610 2247 635 2294; x_wconf 92' lang='lat' dir='ltr'>in</span> <span class='ocrx_word' id='word_1_127' title='bbox 645 2261 739 2307; x_wconf 73' lang='lat' dir='ltr'>annos,</span> <span class='ocrx_word' id='word_1_128' title='bbox 754 2297 758 2304; x_wconf 73' lang='grc'>,</span> 
     </span>
     <span class='ocr_line' id='line_1_21' title="bbox 168 2333 814 2393; baseline 0 -11"><span class='ocrx_word' id='word_1_129' title='bbox 168 2335 252 2382; x_wconf 88' lang='lat' dir='ltr'>Prima</span> <span class='ocrx_word' id='word_1_130' title='bbox 261 2335 364 2382; x_wconf 89' lang='lat' dir='ltr'>cadunt:</span> <span class='ocrx_word' id='word_1_131' title='bbox 385 2334 420 2382; x_wconf 82' lang='lat' dir='ltr'>ita</span> <span class='ocrx_word' id='word_1_132' title='bbox 429 2337 559 2384; x_wconf 84' lang='lat' dir='ltr'>verborum</span> <span class='ocrx_word' id='word_1_133' title='bbox 571 2344 639 2384; x_wconf 88' lang='lat' dir='ltr'>vetus</span> <span class='ocrx_word' id='word_1_134' title='bbox 650 2333 735 2383; x_wconf 83' lang='lat' dir='ltr'>interit</span> <span class='ocrx_word' id='word_1_135' title='bbox 746 2341 814 2393; x_wconf 80' lang='lat' dir='ltr'>aetas,</span> 
     </span>
     <span class='ocr_line' id='line_1_22' title="bbox 165 2424 787 2486; baseline -0.005 -12"><span class='ocrx_word' id='word_1_136' title='bbox 165 2427 199 2474; x_wconf 86' lang='lat' dir='ltr'>Et</span> <span class='ocrx_word' id='word_1_137' title='bbox 207 2428 324 2486; x_wconf 89' lang='lat' dir='ltr'>juvenum</span> <span class='ocrx_word' id='word_1_138' title='bbox 335 2425 385 2474; x_wconf 93' lang='lat' dir='ltr'>ritu</span> <span class='ocrx_word' id='word_1_139' title='bbox 395 2426 485 2474; x_wconf 88' lang='lat' dir='ltr'>florent</span> <span class='ocrx_word' id='word_1_140' title='bbox 497 2425 570 2473; x_wconf 89' lang='lat' dir='ltr'>modo</span> <span class='ocrx_word' id='word_1_141' title='bbox 583 2432 641 2474; x_wconf 86' lang='lat' dir='ltr'>nata</span> <span class='ocrx_word' id='word_1_142' title='bbox 651 2424 787 2486; x_wconf 86' lang='lat' dir='ltr'>vigentque.</span> 
     </span>
     <span class='ocr_line' id='line_1_23' title="bbox 167 2513 870 2576; baseline 0.003 -13"><span class='ocrx_word' id='word_1_143' title='bbox 167 2516 289 2563; x_wconf 91' lang='lat' dir='ltr'>Debemur</span> <span class='ocrx_word' id='word_1_144' title='bbox 300 2514 374 2562; x_wconf 90' lang='lat' dir='ltr'>morti</span> <span class='ocrx_word' id='word_1_145' title='bbox 385 2529 430 2562; x_wconf 92' lang='lat' dir='ltr'>nos</span> <span class='ocrx_word' id='word_1_146' title='bbox 442 2521 573 2576; x_wconf 86' lang='lat' dir='ltr'>nostraque</span> <span class='ocrx_word' id='word_1_147' title='bbox 583 2533 590 2576; x_wconf 89' lang='lat'><strong>;</strong></span> <span class='ocrx_word' id='word_1_148' title='bbox 609 2513 658 2562; x_wconf 84' lang='lat' dir='ltr'>sive</span> <span class='ocrx_word' id='word_1_149' title='bbox 669 2519 779 2575; x_wconf 86' lang='lat' dir='ltr'>receptus</span> <span class='ocrx_word' id='word_1_150' title='bbox 866 2553 870 2565; x_wconf 83' lang='grc'><em>,</em></span> 
     </span>
     <span class='ocr_line' id='line_1_24' title="bbox 166 2603 737 2666; baseline -0.002 -15"><span class='ocrx_word' id='word_1_151' title='bbox 166 2605 244 2652; x_wconf 88' lang='lat' dir='ltr'>Terra</span> <span class='ocrx_word' id='word_1_152' title='bbox 256 2605 383 2666; x_wconf 85' lang='lat' dir='ltr'>Neptunus</span> <span class='ocrx_word' id='word_1_153' title='bbox 395 2605 484 2653; x_wconf 79' lang='lat' dir='ltr'>classes</span> <span class='ocrx_word' id='word_1_154' title='bbox 496 2603 650 2666; x_wconf 86' lang='lat' dir='ltr'>aquilonibus</span> <span class='ocrx_word' id='word_1_155' title='bbox 663 2610 737 2660; x_wconf 86' lang='lat' dir='ltr'>arcet,</span> 
     </span>
    </p>

    <p class='ocr_par' dir='ltr' id='par_1_6' title="bbox 124 2689 837 2844">
     <span class='ocr_line' id='line_1_25' title="bbox 124 2689 837 2756; baseline -0.004 -17"><span class='ocrx_word' id='word_1_156' title='bbox 124 2735 126 2738; x_wconf 93' lang='lat'>.</span> <span class='ocrx_word' id='word_1_157' title='bbox 167 2692 238 2754; x_wconf 85' lang='lat' dir='ltr'>Regis</span> <span class='ocrx_word' id='word_1_158' title='bbox 250 2707 327 2755; x_wconf 75' lang='lat' dir='ltr'>opus,</span> <span class='ocrx_word' id='word_1_159' title='bbox 345 2694 482 2755; x_wconf 87' lang='lat' dir='ltr'>sterilisque</span> <span class='ocrx_word' id='word_1_160' title='bbox 495 2694 536 2742; x_wconf 91' lang='lat' dir='ltr'>diu</span> <span class='ocrx_word' id='word_1_161' title='bbox 546 2694 627 2756; x_wconf 86' lang='lat' dir='ltr'>palus,</span> <span class='ocrx_word' id='word_1_162' title='bbox 639 2698 741 2754; x_wconf 88' lang='lat' dir='ltr'>aptaque</span> <span class='ocrx_word' id='word_1_163' title='bbox 753 2689 837 2748; x_wconf 87' lang='lat' dir='ltr'>remis,</span> 
     </span>
     <span class='ocr_line' id='line_1_26' title="bbox 168 2779 755 2844; baseline -0.003 -16"><span class='ocrx_word' id='word_1_164' title='bbox 168 2779 264 2828; x_wconf 87' lang='lat' dir='ltr'>Vicinas</span> <span class='ocrx_word' id='word_1_165' title='bbox 278 2782 348 2828; x_wconf 90' lang='lat' dir='ltr'>urbes</span> <span class='ocrx_word' id='word_1_166' title='bbox 360 2781 414 2841; x_wconf 84' lang='lat' dir='ltr'>alit,</span> <span class='ocrx_word' id='word_1_167' title='bbox 427 2790 452 2830; x_wconf 90' lang='lat' dir='ltr'>et</span> <span class='ocrx_word' id='word_1_168' title='bbox 462 2795 533 2844; x_wconf 85' lang='lat' dir='ltr'>grave</span> <span class='ocrx_word' id='word_1_169' title='bbox 545 2780 619 2830; x_wconf 88' lang='lat' dir='ltr'>sentit</span> <span class='ocrx_word' id='word_1_170' title='bbox 630 2787 755 2840; x_wconf 88' lang='lat' dir='ltr'>aratrum;</span> 
     </span>
    </p>

    <p class='ocr_par' dir='ltr' id='par_1_7' title="bbox 168 2864 833 3199">
     <span class='ocr_line' id='line_1_27' title="bbox 168 2864 782 2931; baseline -0.008 -14"><span class='ocrx_word' id='word_1_171' title='bbox 168 2871 216 2917; x_wconf 83' lang='lat' dir='ltr'>Seu</span> <span class='ocrx_word' id='word_1_172' title='bbox 226 2883 325 2916; x_wconf 89' lang='lat' dir='ltr'>cursum</span> <span class='ocrx_word' id='word_1_173' title='bbox 336 2869 438 2918; x_wconf 83' lang='lat' dir='ltr'>mutavit</span> <span class='ocrx_word' id='word_1_174' title='bbox 449 2869 560 2931; x_wconf 90' lang='lat' dir='ltr'>iniquum</span> <span class='ocrx_word' id='word_1_175' title='bbox 571 2868 680 2929; x_wconf 86' lang='lat' dir='ltr'>frugibus</span> <span class='ocrx_word' id='word_1_176' title='bbox 692 2864 782 2923; x_wconf 78' lang='lat' dir='ltr'>annu,</span> 
     </span>
     <span class='ocr_line' id='line_1_28' title="bbox 169 2957 778 3021; baseline -0.005 -15"><span class='ocrx_word' id='word_1_177' title='bbox 169 2959 261 3006; x_wconf 88' lang='lat' dir='ltr'>Doctus</span> <span class='ocrx_word' id='word_1_178' title='bbox 273 2958 319 3006; x_wconf 90' lang='lat' dir='ltr'>iter</span> <span class='ocrx_word' id='word_1_179' title='bbox 331 2959 417 3008; x_wconf 87' lang='lat' dir='ltr'>melius</span> <span class='ocrx_word' id='word_1_180' title='bbox 427 2980 435 3021; x_wconf 87' lang='lat'>;</span> <span class='ocrx_word' id='word_1_181' title='bbox 453 2957 567 3010; x_wconf 77' lang='lat' dir='ltr'>morialia</span> <span class='ocrx_word' id='word_1_182' title='bbox 577 2959 641 3006; x_wconf 80' lang='lat' dir='ltr'>sacta</span> <span class='ocrx_word' id='word_1_183' title='bbox 650 2957 778 3020; x_wconf 76' lang='lat' dir='ltr'>peribuntt</span> 
     </span>
     <span class='ocr_line' id='line_1_29' title="bbox 170 3044 833 3109; baseline 0.006 -16"><span class='ocrx_word' id='word_1_184' title='bbox 170 3045 266 3093; x_wconf 87' lang='lat' dir='ltr'>Nedum</span> <span class='ocrx_word' id='word_1_185' title='bbox 278 3059 419 3095; x_wconf 89' lang='lat' dir='ltr'>sermonum</span> <span class='ocrx_word' id='word_1_186' title='bbox 428 3055 476 3097; x_wconf 86' lang='lat' dir='ltr'>stet</span> <span class='ocrx_word' id='word_1_187' title='bbox 486 3049 576 3109; x_wconf 87' lang='lat' dir='ltr'>honos,</span> <span class='ocrx_word' id='word_1_188' title='bbox 588 3055 613 3095; x_wconf 88' lang='lat' dir='ltr'>et</span> <span class='ocrx_word' id='word_1_189' title='bbox 623 3045 699 3108; x_wconf 84' lang='lat' dir='ltr'>gratia</span> <span class='ocrx_word' id='word_1_190' title='bbox 711 3044 788 3095; x_wconf 81' lang='lat' dir='ltr'>vivax·</span> <span class='ocrx_word' id='word_1_191' title='bbox 826 3083 833 3097; x_wconf 81' lang='grc'><em>,</em></span> 
     </span>
     <span class='ocr_line' id='line_1_30' title="bbox 170 3133 813 3199; baseline -0.002 -19"><span class='ocrx_word' id='word_1_192' title='bbox 170 3134 250 3182; x_wconf 78' lang='lat' dir='ltr'>Multa</span> <span class='ocrx_word' id='word_1_193' title='bbox 261 3143 419 3185; x_wconf 86' lang='lat' dir='ltr'>renascentur</span> <span class='ocrx_word' id='word_1_194' title='bbox 430 3151 484 3199; x_wconf 82' lang='lat' dir='ltr'>quae</span> <span class='ocrx_word' id='word_1_195' title='bbox 492 3139 544 3198; x_wconf 88' lang='lat' dir='ltr'>jam</span> <span class='ocrx_word' id='word_1_196' title='bbox 551 3135 668 3196; x_wconf 89' lang='lat' dir='ltr'>cecidere,</span> <span class='ocrx_word' id='word_1_197' title='bbox 680 3133 813 3194; x_wconf 87' lang='lat' dir='ltr'>cadentque</span> 
     </span>
    </p>
   </div>
   <div class='ocr_carea' id='block_1_3' title="bbox 0 0 1213 3898">
    <p class='ocr_par' dir='ltr' id='par_1_8' title="bbox 0 0 1213 3898">
     <span class='ocr_line' id='line_1_31' title="bbox 0 0 1213 3898; baseline 0 0"><span class='ocrx_word' id='word_1_198' title='bbox 0 0 1213 3898; x_wconf 95' lang='lat' dir='ltr'> </span> 
     </span>
    </p>
   </div>
  </div>
 </body>
</html>
