2438 3860
254 549 284 594 8⁰

490 546 520 598 Q·
538 543 677 593 HORATII
694 543 811 593 FLACCI

380 674 482 720 Gratum
493 671 588 719 elocuta
598 670 781 719 consiliantibus

379 762 477 809 lunone
487 758 570 807 Divis:
586 757 660 818 ilion,
673 756 736 806 Ilion

412 845 500 895 Fatalis
506 845 664 906 ,incestusque
672 843 758 904 iudex,

444 936 477 982 lit
487 933 575 982 mulier
585 932 712 995 peregrina
721 932 793 980 vertit

380 1112 408 1157 ln
419 1111 552 1171 pulverem,
563 1121 594 1156 ex
606 1122 655 1168 quo
667 1105 776 1156 destituit
786 1107 850 1154 Deos

381 1197 492 1245 Mercede
502 1203 571 1258 pacta
582 1195 732 1255 Laomedon,
744 1193 805 1242 mihi

414 1286 538 1346 Castaque
549 1285 691 1333 damnatum
703 1283 821 1332 Minervae

380 1407 383 1413 .
445 1373 508 1419 Cum
518 1372 608 1433 populo
620 1379 645 1418 et
656 1373 716 1420 duce
727 1370 889 1420 fraudulento.

378 1545 435 1592 lam
447 1556 491 1591 nec
501 1544 607 1590 nacaenae
619 1541 729 1603 splendet
740 1540 855 1588 adulteras

381 1633 496 1679 Famosus
506 1630 605 1691 hospes,
617 1643 661 1677 nec
674 1627 764 1676 Priami
775 1628 862 1676 domus

414 1720 512 1778 Periura
522 1732 641 1780 pugnaces
651 1718 755 1766 Achivos

446 1805 570 1854 Hectoreis
581 1805 667 1868 opibus
678 1803 789 1865 refringit
799 1823 807 1865 ;

383 1979 526 2041 Nostrisque
537 1979 636 2028 ducum
647 1977 805 2027 seditionibus

382 2069 479 2116 Bellum
490 2067 595 2128 resedit3
613 2067 724 2129 protinus
734 2073 759 2114 et
769 2077 852 2126 graves

415 2159 477 2216 lras,
489 2163 514 2202 et
525 2155 629 2204 invisum
641 2162 763 2216 nepotem,

444 2243 533 2292 Troica
543 2256 614 2304 quem
627 2242 720 2303 peperit
730 2241 851 2298 sacerdos,

382 2417 456 2464 Marti
468 2417 598 2464 redonabo.
632 2413 864 2475 lllumegolucidas

381 2504 446 2551 lnire
458 2503 536 2561 sedes,
547 2501 633 2549 ducere
645 2501 749 2549 nectaris

413 2591 512 2647 Succos,
523 2597 548 2636 et
559 2588 662 2636 adscribi
674 2587 761 2648 quietis

361 2665 364 2672 ¹
445 2677 578 2726 Ordinibus
589 2677 666 2739 patiar
677 2677 787 2725 deorum.

381 2854 445 2900 Dum
455 2852 542 2911 longus
553 2851 617 2898 inter
627 2850 710 2898 saeviat
722 2849 787 2898 Ilion
859 2883 862 2895 .

381 2942 528 3000 Romamque
538 2946 638 3000 pontus,
651 2937 758 2999 qualibet
768 2938 864 2986 exsules

413 3029 442 3076 ln
455 3034 522 3089 parte
533 3034 649 3086 regnanto
660 3025 741 3087 beat,

444 3117 509 3164 Dum
521 3114 611 3164 Priami
623 3113 841 3174 Paridisque'busto
