2438 3860
268 501 300 548 82

507 502 538 553 Q.
556 499 694 548 HORATII
711 501 828 550 FLACCI

396 629 445 674 'l'er
455 626 476 674 si
487 632 596 686 resurgat
604 640 691 676 *miuus
702 627 807 677 aheneus

396 715 501 761 Auctore
512 713 615 772 Phoebo,
627 721 664 762 ter
675 721 758 776 pereat
768 714 828 764 meis

428 800 529 850 Excieus
540 799 694 861 Argivis,-ter
705 815 769 850 uxor

462 890 538 951 Capto
547 889 627 936 virum
637 903 773 952 puerosque
783 891 870 952 ploret.

296 1109 301 1116 x
327 1093 330 1099 ,
398 1063 454 1110 Non
466 1062 518 1110 hoec
526 1063 619 1122 jocosae
625 1063 775 1113 'conveniunt
785 1063 859 1124 lyrae:

398 1149 463 1208 Quo,
475 1150 557 1209 Musa,
569 1148 648 1198 tendis
660 1151 669 1196 ?
689 1149 771 1200 desine
782 1150 894 1211 pervicax

429 1237 528 1286 Referre
539 1252 662 1291 sermones
674 1240 792 1300 Deorum,
803 1247 828 1287 et

462 1326 552 1386 Magna
563 1327 641 1376 modis
652 1335 752 1377 tenuare
762 1329 850 1391 parvis.

575 1671 578 1680 '
601 1672 668 1720 ODE
686 1673 727 1721 IV.

396 1918 538 1966 Duscuuou
549 1921 622 1982 coelo,
634 1930 659 1970 et
669 1922 707 1971 dic
719 1938 762 1986 age
772 1924 831 1974 tibia
915 1977 921 1990 ,

397 2004 488 2066 Regina
497 2007 598 2069 longum
611 2010 720 2076 Calliope
731 2014 818 2074 melos,
873 2063 883 2076 ,,

429 2095 477 2144 Seu
487 2111 546 2146 voce
557 2114 622 2148 nuuc
634 2101 709 2149 mavis
721 2110 800 2162 acuta,

462 2185 511 2234 Seu
522 2187 610 2235 fidibus
620 2189 741 2238 citharave
753 2191 846 2238 Phoebi.

395 2352 511 2403 Auditis?
531 2370 562 2404 an
575 2371 614 2406 me
624 2360 688 2408 ludit
698 2361 808 2411 amabilis

397 2440 512 2489 Insania?
532 2444 615 2492 audire
627 2454 651 2494 et
662 2447 744 2495 videor
755 2449 808 2510 pios

429 2529 518 2576 Errare
529 2544 572 2590 per
583 2532 662 2592 lucos,
674 2547 776 2584 amoenae

460 2616 528 2668 Quos
540 2625 564 2666 et
576 2632 643 2680 aquae
655 2622 759 2670 subeunt
769 2629 793 2671 et
804 2637 875 2672 aurae.
998 2687 1001 2698 Ι

300 2769 304 2778 ’
394 2786 436 2833 Me
448 2787 564 2840 fabulosae
576 2794 683 2844 Vulture
694 2796 720 2844 in
732 2797 839 2858 AppuJ0,

395 2873 507 2924 Nutricis
519 2886 588 2927 extra
599 2881 794 2946 limen'Apuliae,

429 2963 498 3011 Ludo
510 2965 683 3032 fatigatumque
695 2986 792 3033 somno,

461 3051 557 3104 Fronde
569 3070 632 3105 nova
643 3073 745 3120 puerum
756 3061 880 3124 palumbes
