2432 3874
233 499 280 545 204
473 495 505 548 Q.
522 494 661 544 HORA'I'II
678 493 795 544 susem

238 622 369 672 Certatim:
386 621 483 670 tandem
494 622 570 670 fossus
581 621 688 672 dormire
697 622 775 671 vimi·

237 709 339 774 Incipit3
356 723 384 758 uo
395 709 473 758 missae
483 718 578 772 pssurm
589 709 722 758 retinacula
734 709 806 757 mule

238 800 318 846 Nauta
327 798 394 860 piger
404 811 463 856 saxo
474 797 569 858 religat,
581 798 705 859 stertitque
716 798 823 860 supinus.

237 888 340 947 Jamque
350 885 401 933 dies
411 885 502 946 oderat,
513 898 568 933 oum
580 885 616 933 nil
627 885 753 947 procedere
765 884 862 934 lintrem

239 973 374 1022 Sensimus:
392 974 468 1023 donec
477 974 617 1022 cerebrosum
627 972 723 1036 prosilit
732 987 805 1032 unus,

238 1062 274 1108 Ac
286 1061 358 1109 mule
369 1071 494 1122 nouoeque
505 1068 577 1123 caput
587 1061 728 1120 lumbosque
738 1059 829 1120 saligno

240 1149 312 1196 liuto
322 1149 402 1197 dolat:
420 1157 505 1210 quarta
515 1147 555 1196 vix
566 1148 662 1196 demum
674 1145 819 1210 exponimur
829 1147 898 1196 horu.

241 1236 294 1285 Ora
303 1249 435 1296 munusque
445 1243 488 1283 tua
499 1235 610 1294 lavimus,
622 1235 734 1294 Feronia,
746 1235 850 1297 lympha.
930 1247 939 1262 ·

240 1321 321 1370 Millis
331 1331 383 1370 tum
394 1322 535 1383 pramiula
545 1322 660 1384 repimus,
672 1331 742 1384 atque
754 1322 861 1371 subimus

242 1408 383 1470 Impositum
393 1409 458 1456 saxis
467 1409 515 1456 late
526 1409 681 1458 candentibus
692 1412 787 1459 Anxur.

242 1497 296 1544 Huc
305 1503 418 1544 rentium
429 1504 481 1543 erat
490 1497 620 1555 Maeoenss,
632 1498 737 1558 optimus
749 1507 820 1559 utque

195 1600 200 1609 ’
242 1583 370 1632 Coooeius=
388 1583 454 1632 missi
466 1583 558 1643 magnis
568 1582 598 1630 de
608 1585 679 1632 rebus
690 1591 791 1646 uterque

241 1670 334 1730 Legati,
345 1683 440 1718 aversos
451 1668 517 1718 soliti
528 1683 673 1732 componere
684 1671 782 1721 amioos.

242 1756 289 1804 llio
299 1757 375 1805 oculis
385 1771 429 1818 ego
440 1757 508 1818 niqra
520 1757 580 1806 meis
591 1758 691 1821 oollyria
701 1758 780 1822 lippus

243 1845 349 1894 illinere.
382 1847 477 1894 Interea
487 1848 607 1895 Maeoenas
617 1847 722 1907 advenit,
734 1854 805 1908 atqrre

243 1915 368 1994 Coooeius,
382 1934 514 1996 Capitoque
524 1935 598 1984 simul
609 1935 733 1996 Fonteius,
744 1934 775 1984 ad
785 1947 889 1996 unguem

244 2023 329 2072 Faetus
340 2023 425 2084 homo,
436 2022 540 2084 Antoni,
552 2037 602 2072 non
612 2031 640 2071 ut
651 2023 726 2085 magis
736 2025 808 2084 alter,
819 2023 919 2092 amicus.

243 2109 340 2158 Fundos
350 2109 447 2158 Aufidio
458 2112 535 2160 Lusco
548 2113 654 2160 Praetore
664 2110 766 2159 libenter

245 2196 397 2257 Linquimus,
407 2195 486 2244 insani
496 2197 601 2246 ridenoee
611 2197 711 2259 praemia
719 2197 803 2246 scribes
805 2233 814 2259 ,

245 2286 400 2345 Pretextam,
411 2293 436 2333 et
446 2285 522 2334 latum
533 2285 637 2344 clavum,
648 2299 779 2347 pnmaeque
788 2286 907 2335 vatillum.
993 2331 1000 2356 ,

245 2373 273 2418 ln
284 2374 466 2422 Mamurrarum
477 2375 533 2422 lassi
544 2374 631 2422 deinde
640 2376 700 2422 urbe
712 2388 847 2432 menemus,

245 2458 348 2505 Murena
358 2460 480 2519 praebente
491 2459 600 2517 domum,
613 2460 730 2518 capitone
740 2461 856 2505 cuninam.

245 2546 344 2592 Postera
354 2545 398 2592 lux
408 2542 486 2590 oritur
498 2543 575 2588 multo
586 2541 735 2601 gratissima:
752 2554 857 2600 namque

246 2630 338 2678 Plotius
349 2638 374 2678 et
383 2628 471 2678 Varius
483 2628 602 2677 Sinuessa
611 2625 774 2687 virgiliusque

247 2721 400 2783 Ooournmt3
417 2718 513 2779 animae,
523 2719 606 2779 qunles
617 2729 695 2778 neque
706 2715 855 2764 candidiores

248 2809 326 2856 'l'errs
335 2809 401 2869 tulit,
413 2821 490 2869 neque
496 2807 563 2869 queis
576 2821 615 2855 me
626 2806 659 2854 sit
668 2803 800 2853 devinctior
811 2805 879 2874 altor.

248 2896 270 2945 Ο
282 2895 323 2957 qui
334 2898 474 2959 oomplexus
484 2897 490 2944 Ε
508 2904 533 2944 et
543 2895 629 2956 gaudia
639 2900 728 2955 quanta
738 2893 849 2942 inerunt!

249 2983 292 3031 Nil
301 2997 345 3044 ego
355 2984 501 3034 oontulerim
508 2983 615 3045 jucundo
626 2997 698 3033 sanus
709 2981 796 3031 amico.

250 3070 366 3121 Proxima
378 3074 501 3137 Campano
511 3073 579 3137 ponti
590 3087 643 3135 quae
655 3071 750 3132 villus,
761 3077 851 3119 tectum
