2438 3860
241 529 295 594 ‘102

489 545 519 596 Q·
537 541 676 590 HORATil
693 539 810 588 FlAccl

321 725 329 736 ,
377 670 403 719 Si
414 683 464 717 non
474 668 607 726 Acrisium,
619 667 718 728 virginis
730 667 817 714 abditae

347 808 353 819 ,
376 759 507 811 Custodem
518 755 642 823 pavidum,
653 757 767 820 luppiter
777 765 802 806 et
812 759 895 806 Venus

376 845 508 894 Risissenl:
526 844 579 893 fore
591 841 657 890 enim
668 848 749 889 tutum
761 842 807 890 iter
818 849 843 889 et
853 848 948 903 patens,

506 934 629 982 Convereo
639 929 665 978 in
676 928 782 989 pretium
793 929 853 976 D'eo.

378 1108 476 1154 Aunun
489 1119 531 1168 per
539 1105 632 1154 medios
644 1105 681 1153 ire
692 1102 818 1162 satellites,

307 1175 311 1186 ι
377 1199 410 1246 Et
417 1211 573 1259 perrumpere
585 1202 650 1243 amal
661 1207 730 1253 saxa,
742 1189 866 1254 potentius
912 1221 917 1228 .

379 1289 430 1335 lctu
442 1286 569 1334 fulmineo.
603 1283 716 1349 Coneirlil
726 1282 823 1344 auguris

505 1373 588 1434 Argivi
598 1374 696 1431 domus,
707 1375 739 1421 ob
750 1373 846 1420 luorum

378 1551 494 1597 Demersa
504 1546 579 1594 exitio
589 1564 595 1592 ι
613 1543 698 1592 diffidit
707 1542 806 1592 urbium

379 1638 464 1685 Portae
475 1635 512 1682 vir
524 1633 636 1693 Macedo,
647 1641 672 1682 et
684 1631 779 1681 subruit
790 1630 892 1679 aemulos

378 1727 453 1785 Reges
465 1723 623 1783 muneribue5
640 1726 743 1769 munere
752 1718 851 1767 navium

508 1812 588 1861 Saevos
600 1810 731 1870 illaqueent
742 1808 823 1856 duces.

379 1988 555 2037 Guuscnnrun
567 1983 676 2046 sequinrr
687 1997 746 2032 eura
755 1981 892 2058 pecunium,

380 2064 549 2147 M'eJorumque
561 2073 651 2121 fames:
666 2074 722 2132 Jure
733 2070 861 2134 perhorrui

379 2166 438 2211 Late
448 2162 606 2224 conspicuum
618 2163 705 2210 tollere
716 2159 841 2219 vertioem,

509 2251 640 2307 Maecenas,
653 2248 761 2308 equitum
772 2247 853 2295 decue.
900 2260 903 2268 ¹

381 2425 477 2476 Quanto
488 2420 590 2482 qunque
601 2420 646 2468 sibi
658 2420 729 2481 pluro
740 2417 873 2480 negaverit,

380 2510 403 2554 A
414 2507 458 2555 Die
469 2507 541 2568 plura
551 2507 620 2554 feret.
653 2506 696 2554 Nil
707 2505 857 2568 cupientium

381 2595 466 2642 Nudus
478 2601 556 2642 costra
566 2601 640 2656 peto;
656 2601 681 2642 et
691 2594 817 2655 uanefugu
828 2592 929 2641 divitum

510 2684 593 2732 Par-teu
604 2682 714 2744 linquere
725 2681 812 2744 gentio,

381 2859 515 2907 Contemtae
527 2857 640 2906 dominus
652 2857 800 2919 splendidior
810 2857 857 2918 rei,

382 2951 461 3002 Quam
472 2947 504 3007 si,
515 2944 629 3008 quioquid
640 2953 692 2994 arat
703 2945 804 3007 impiger
815 2948 937 3011 Appulus,

380 3036 509 3098 Oqcultnre
521 3035 581 3084 meis
592 3034 684 3084 dicerer
695 3034 800 3096 horreis,

509 3127 610 3186 Magnas
622 3125 685 3174 inter
697 3139 755 3187 opes
767 3125 845 3187 inops.
