2432 3874
251 549 298 598 228
491 549 522 602 Q·
540 545 679 596 bonurn
697 548 815 600 FLACCl
867 583 869 590 ·

249 677 370 736 Maiorem
381 681 468 724 namra
479 674 578 724 modum
589 673 665 735 dedit,
676 675 715 724 his
724 676 798 724 breve
807 677 911 740 pondus.

255 766 369 826 [Jejunus
381 778 435 813 rare
446 764 584 812 stomachus
594 763 704 824 ruigmia
713 763 821 826 temnit]

250 854 392 901 Porrectum
402 866 490 913 magno
500 865 615 913 maguum
625 857 732 914 spectare
742 850 824 900 catino

249 941 354 1000 Vellem,
365 940 400 989 ait
411 939 522 1004 Harpyiis
533 943 589 1002 gula
599 940 671 1001 digna
682 938 815 1002 rapacibus.
847 939 935 989 Atros

248 1031 382 1078 presentes
392 1029 478 1078 Austri
489 1029 584 1092 ooquite
594 1030 683 1077 horum
694 1027 796 1076 obsonia
805 1046 813 1087 3
831 1027 938 1088 quamvis

249 1121 321 1168 Putet
331 1133 388 1183 aper
398 1120 561 1181 rhombusque
572 1131 666 1178 reeens,
678 1117 743 1165 mala
753 1117 822 1180 oopia
832 1116 928 1178 quando

248 1209 349 1271 AEgrum
360 1209 465 1258 solicitat
474 1208 642 1270 stomachum3
659 1221 714 1255 cum
726 1206 811 1268 rapula
821 1207 907 1268 plenus

247 1299 328 1361 Atque
335 1298 414 1347 acidas
422 1297 513 1346 mavult
523 1297 610 1346 inulas.
644 1295 753 1344 Noedum
765 1295 845 1344 omnis
855 1296 938 1345 abacta

248 1386 376 1449 Pauperies
387 1386 464 1447 epulis
475 1399 575 1446 regum3
593 1398 650 1432 nam
660 1384 747 1434 vilibus
758 1384 819 1445 ovis,

248 1473 375 1535 Nigrisque
386 1481 423 1521 est
433 1473 493 1520 oleis
504 1472 577 1520 hodle
588 1473 663 1520 locus.
698 1472 769 1520 Haud
779 1472 813 1520 ita
822 1471 915 1536 pridem

247 1557 346 1611 Galloni
357 1551 475 1622 §moenis
487 1565 539 1608 erat
549 1558 686 1620 acipensere
698 1573 782 1610 mensa

246 1651 361 1702 luiamis:
379 1650 455 1714 quid?
474 1657 527 1699 tum
538 1649 654 1700 rhombos
665 1651 746 1700 minus
757 1665 855 1714 oequora
865 1652 982 1701 alebant?

245 1743 323 1790 iutra
334 1747 387 1788 erat
397 1740 524 1800 rhombus,
535 1746 636 1802 tutoque
645 1739 739 1789 oioorda
749 1740 818 1800 nido,

245 1831 329 1880 Donec
339 1845 381 1879 vos
389 1838 473 1880 auctor
484 1829 566 1880 docuit
575 1829 711 1893 praetorius.
743 1831 808 1891 Ergo

245 1921 272 1971 Si
283 1920 337 1984 quis
348 1936 413 1970 nunc
424 1935 518 1982 mergos
530 1933 613 1970 suaves
621 1919 725 1969 edixerit
734 1933 811 1980 assos,

245 2010 342 2059 Parebit
351 2010 418 2074 pravi
429 2010 514 2060 docilis
526 2011 635 2059 Romana
643 2012 766 2071 iuventus.

245 2097 362 2147 Sordidus
374 2110 389 2146 a
398 2098 466 2147 tenui
476 2098 541 2146 victu
551 2098 659 2157 distabit,
672 2097 754 2147 Ofello

243 2184 337 2234 Judioe.
371 2186 434 2232 Nam
446 2185 537 2234 frustra
547 2185 633 2234 vitium
644 2185 755 2235 vitaveris
766 2183 838 2245 illud,

244 2272 271 2321 Si
282 2280 306 2320 te
317 2272 365 2320 alio
375 2286 475 2334 pravum
487 2273 625 2322 detorseris.
658 2273 801 2333 liudierus,

245 2359 290 2408 Cul
302 2359 375 2406 Canis
386 2373 418 2408 ex
429 2374 486 2408 vero
497 2359 595 2410 ductum
606 2375 739 2421 cognomen
750 2361 866 2421 adharm,

245 2446 416 2507 Quinqueuues
427 2449 493 2495 oleas
505 2457 551 2508 est,
563 2457 587 2497 et
598 2450 718 2499 silvestria
728 2466 817 2512 corna;

242 2535 289 2593 Ac,
301 2533 348 2581 nisi
359 2540 489 2592 mutatum,
501 2535 577 2595 parcit
588 2534 720 2584 defundere
730 2537 814 2584 vinum
825 2556 834 2598 ς
851 2543 875 2584 et

245 2621 320 2682 (lmus
330 2619 430 2668 odorem
441 2619 489 2668 olei
498 2634 601 2681 nequeas
613 2621 719 2682 perferre
734 2621 827 2686 (iicebit

244 2711 289 2759 llle
300 2708 402 2771 repotia,
414 2709 515 2769 natales,
527 2709 616 2758 aliosve
626 2708 721 2758 dierum

244 2801 326 2849 Festos
338 2800 431 2848 albatus
441 2797 555 2861 celebret)
570 2813 646 2848 cornu
657 2798 708 2862 ipse
718 2799 801 2848 bilibri

244 2889 358 2938 Caulibus
369 2888 481 2948 instillat,
493 2889 580 2938 veteris
591 2904 639 2938 nou
651 2903 736 2952 pareus
747 2891 816 2940 aeeti.

243 2963 316 3032 duur
327 2977 399 3038 lgitm
408 2978 473 3028 victu
483 2978 578 3042 sapiens
590 2981 689 3028 utetur?
708 2985 733 3028 et
742 2980 832 3028 horum

243 3069 333 3116 Utrum
343 3066 496 3118 imitabitur?
533 3071 585 3118 Hac
595 3077 682 3132 urguet
693 3071 774 3134 lupus,
786 3071 831 3120 hac
842 3071 918 3131 canis,
931 3071 1005 3119 aiunt.

243 3155 349 3204 Mundus
361 3155 417 3215 erit,
429 3158 470 3218 qui
483 3173 532 3208 non
544 3159 649 3209 offendet
660 3160 770 3210 sordidus
781 3167 853 3222 atque
