2432 3874
312 537 316 544 ’
409 565 604 614 saumouuru
623 566 685 614 cm,
703 566 768 614 ur.
841 627 843 631 ¹
928 567 975 614 225

171 693 323 754 Quemquam
331 691 490 752 animantem,
501 700 527 741 et
537 705 578 741 me
586 692 662 742 veluti
670 689 792 742 custodiet
801 691 867 742 ensis

169 779 264 842 vagina
273 787 367 842 tectue3
385 793 457 842 quem
469 795 512 829 cur
525 781 673 842 destringere
683 795 769 842 coner,

169 871 248 918 'lutus
260 870 290 918 ab
301 869 395 918 iniectis
407 870 562 918 latronibus?
584 871 606 918 0
618 879 686 932 pater
697 878 722 918 et
733 885 778 919 rex

170 959 186 1008 J
189 958 294 1021 uppiter,
306 967 334 1007 ut
345 967 427 1021 pereat
437 959 544 1020 positum
556 957 665 1018 rubigine
675 959 763 1018 telum,

171 1048 223 1096 Nec
233 1047 361 1108 quisquam
373 1054 458 1094 noceat
468 1045 555 1108 cupido
567 1046 627 1093 mihi
639 1045 721 1107 pacis!
738 1045 827 1106 atille,
926 1061 935 1071 *

171 1134 220 1189 Qui
230 1149 270 1184 me
280 1135 410 1183 commorit
426 1135 527 1198 (Melius
539 1147 590 1183 uon
601 1137 715 1194 tangue!
733 1132 823 1196 clamo)

170 1223 260 1283 Flebit,
271 1231 297 1272 ct
307 1222 409 1285 insignis
420 1229 473 1271 tota
483 1223 619 1275 recutitur
629 1223 698 1272 urbe.

171 1312 270 1361 Cervius
281 1312 357 1361 iratum
369 1314 433 1374 leges
439 1311 565 1362 minitatur
576 1321 601 1361 ct
611 1327 712 1361 urnam:

173 1401 284 1461 Canidia,
295 1399 395 1461 Albuci,
407 1401 493 1463 quibus
504 1409 542 1450 eet
552 1401 661 1462 inimica,
673 1415 809 1452 venenum:

171 1487 269 1537 Grande
280 1490 373 1538 malum
383 1489 484 1550 durius,
492 1489 513 1538 si
525 1489 583 1551 quid
593 1504 620 1538 ee
628 1489 710 1550 judice
717 1497 808 1539 certet:

171 1579 216 1638 Ut,
228 1593 276 1640 quo
286 1578 387 1640 quisque
397 1579 471 1639 valet,
483 1587 606 1642 suspectos
617 1587 716 1640 terreat,
728 1587 802 1641 utque
896 1559 900 1566 ”

170 1667 275 1729 Imperet
285 1668 332 1716 hoc
343 1675 430 1716 namra
439 1675 541 1731 potens:
558 1666 594 1715 sic
603 1667 691 1728 collige
702 1681 812 1716 mecum:

167 1756 247 1804 Dente
257 1757 339 1818 lupus,
351 1770 428 1804 cornu
439 1763 523 1804 taurus
534 1755 610 1817 petii3
627 1756 702 1814 unde,
713 1755 762 1804 nisi
774 1755 840 1804 intus

169 1844 353 1892 Monstratum?
389 1844 476 1892 Scaevae
487 1842 592 1892 vivacem
604 1843 674 1892 crede
685 1843 768 1906 nepoti

169 1931 289 1980 Matrem:
306 1932 343 1980 nil
353 1931 425 1980 saciet
435 1932 533 1980 sceleris
543 1931 584 1993 pia
595 1931 694 1980 dextera
709 1931 810 1995 (mirum
820 1934 830 1979 ?

168 2020 204 2068 Ut
214 2033 291 2080 neque
301 2021 366 2068 ealce
375 2020 447 2081 lupus
460 2033 615 2080 quemquam
624 2033 703 2080 neque
714 2019 786 2068 dente
796 2017 856 2082 petit
865 2017 920 2080 bot)

167 2110 215 2159 Sed
226 2111 291 2158 malo
300 2111 371 2158 tollet
382 2123 456 2158 auum
468 2109 552 2159 vitiato
564 2111 637 2159 melle
648 2109 735 2160 cicuta.

167 2200 205 2248 Ne
216 2200 316 2260 longum
328 2198 430 2260 laciam3
448 2213 490 2247 seu
501 2213 540 2246 me
551 2198 683 2260 tranquilla
695 2205 806 2248 senectus

166 2289 305 2351 Exspectat,
317 2302 360 2337 seu
370 2302 437 2336 mors
448 2287 507 2336 atris
518 2287 674 2337 circumvolat
684 2287 746 2348 alis3

166 2375 250 2437 Dives,
262 2377 343 2439 inope,
355 2378 449 2435 Romae,
463 2389 515 2435 seu,
528 2376 578 2424 fors
589 2375 624 2424 ita
631 2375 742 2436 iusserit,
753 2376 833 2436 exsul,

164 2464 279 2528 Quisqms
289 2464 337 2514 erit
346 2464 412 2525 vitae,
424 2464 538 2523 scribam,
549 2466 625 2512 color.
658 2465 678 2521 il
691 2464 713 2513 0
724 2477 794 2526 puer,
805 2471 833 2512 ut
844 2461 877 2512 sie

166 2551 263 2614 vitalis,
275 2561 376 2615 metuo;
393 2559 418 2601 et
429 2554 549 2613 majorum
560 2566 590 2600 ne
602 2551 655 2612 quis
665 2551 755 2601 amicus

165 2641 264 2703 Frigore
275 2649 299 2690 te
309 2641 388 2690 feriat.
420 2643 441 2697 il
453 2640 537 2694 Quid?
556 2655 612 2690 cum
622 2649 659 2689 eet
670 2642 776 2690 Lucilius
784 2655 856 2691 ausus

165 2729 263 2778 Primus
274 2729 300 2777 in
311 2731 376 2778 hunc
388 2728 467 2792 operis
477 2741 623 2791 componere
632 2729 741 2778 carmina
752 2743 856 2790 morem,

165 2817 299 2866 Detrahere
309 2825 333 2866 et
343 2818 442 2879 pellem,
454 2816 544 2865 nitidus
556 2830 603 2878 qua
613 2817 713 2878 quisque
724 2831 767 2878 per
779 2829 823 2864 ora

166 2903 278 2964 (lederet,
289 2903 422 2952 introrsum
434 2904 528 2966 turple3
545 2919 605 2953 oum
616 2905 715 2965 Laelius,
726 2903 802 2966 etqui

164 2991 242 3042 Duxit
252 2991 283 3038 ab
294 3004 408 3052 oppressa
418 2991 533 3040 meritum
545 2979 690 3052 cuthaglne
701 3005 801 3051 nomeu,

165 3079 265 3142 Ingenio
277 3078 363 3127 offensi
373 3081 383 3126 ἓ
402 3087 444 3128 aut
454 3081 514 3128 laeeo
524 3079 624 3129 doluere
634 3081 748 3144 Metello,

163 3169 319 3232 ramosisque
329 3169 398 3230 Lupo
408 3175 523 3230 cooperto
533 3168 641 3217 versibus
651 3171 660 3216 Ξ
694 3167 769 3231 Atqui
823 3195 826 3200 ·

570 3271 586 3312 D
