2400 3898
268 566 315 614 288
505 569 536 622 Q·
554 569 693 620 HORATll
710 572 828 622 mccl

268 691 400 754 Lignorum
410 701 436 743 el
446 663 539 758 peoorls
550 697 595 748 tibi
605 700 659 748 uelo
670 707 769 762 argutus
780 708 806 750 et
816 702 891 752 horn.

269 781 343 844 Opsat
353 783 464 847 ephlpple
473 785 518 834 bos
529 786 613 850 piger3
630 797 698 853 optat
707 803 775 840 arare
790 793 905 842 caballus.
1018 846 1020 852 ,

269 873 348 924 Qum
360 872 405 922 scit
414 881 526 938 uterque,
537 877 627 939 libens,
639 881 752 941 oensebo,
763 891 873 932 moreest
884 892 969 934 arbem.

546 1171 709 1222 EPIS'POLA
725 1175 778 1222 XV.

511 1350 546 1384 AD
563 1349 709 1386 NUMONIUM
727 1349 821 1385 Vsum.

205 1575 207 1580 ,
265 1510 328 1563 Qun
340 1503 373 1557 sit
382 1507 460 1558 hiems
471 1508 557 1568 Velle,
571 1509 636 1571 quod
646 1511 748 1573 coelum,
758 1511 829 1572 Vela,
842 1511 947 1571 Salerni,

263 1599 374 1652 Quorum
385 1597 514 1646 hominum
525 1597 603 1660 regio,
615 1607 640 1648 et
650 1598 776 1662 qualisvis
790 1601 857 1664 (nam
868 1601 928 1650 mihi
939 1602 1012 1651 Boius

262 1689 336 1736 Musa
346 1701 503 1752 supervacuas
513 1687 646 1749 Antonius,
657 1696 683 1738 et
693 1695 775 1738 temen
786 1688 835 1740 illis

262 1777 303 1824 Me
314 1776 372 1825 lacit
380 1776 496 1838 invisum,
508 1777 586 1840 gelida
596 1791 652 1826 cum
661 1778 760 1841 perluor
772 1777 837 1827 unda

261 1866 308 1914 Per
319 1863 427 1915 medium
437 1865 521 1928 frigus.
555 1868 618 1916 Sane
630 1873 736 1915 murteta
746 1865 861 1929 relinqui,

259 1953 377 2017 Dictaque
387 1962 519 2008 cessantem
531 1955 611 2004 nervis
622 1955 711 2004 elidere
723 1955 838 2004 morbum

259 2044 382 2108 sulphura
391 2044 525 2104 contemni,
536 2043 603 2092 vicus
614 2041 805 2105 gemit‚·invidus
816 2044 897 2105 egris,

259 2132 307 2187 Qui
317 2141 423 2196 caputet
434 2133 586 2182 stomachum
598 2146 733 2196 supponere
744 2131 851 2182 fontibus
863 2133 953 2204 audent

259 2222 377 2284 Clusinis,
389 2223 526 2285 Gabiosque
536 2229 622 2285 petunt
632 2229 657 2270 et
668 2220 755 2282 frigide
765 2235 830 2270 nus.

257 2312 390 2360 Mutandus
402 2313 470 2360 locus
481 2317 529 2371 est,
540 2317 565 2359 et
576 2309 708 2359 diversoria
718 2318 778 2359 nota

257 2399 454 2460 Praeeeregendus
466 2414 541 2461 equus
552 2419 557 2446 :
577 2400 632 2452 Quo
643 2397 740 2447 tendis?
759 2411 810 2446 non
820 2396 882 2445 mihi
893 2398 984 2448 Cumas

255 2487 301 2535 Est
311 2485 358 2535 iter
369 2494 411 2535 aut
421 2489 504 2546 Baias,
515 2488 576 2535 laeva
587 2487 753 2536 stomachosus
766 2486 861 2534 habena

254 2574 325 2624 Dicet
335 2589 421 2638 eques:
439 2575 482 2623 sed
492 2575 547 2637 equi
558 2578 660 2624 frenato
672 2583 709 2624 est
719 2574 784 2624 auris
796 2575 822 2622 in
834 2573 886 2636 ore)

254 2665 335 2725 Major
346 2671 429 2713 unum
440 2665 555 2727 populum
567 2664 685 2713 frumenti
695 2663 765 2726 copia
776 2669 874 2726 pescat3
942 2729 947 2738 ἡ

255 2755 408 2805 Collectosne
419 2754 503 2803 bibant
510 2754 613 2816 imbres,
625 2762 742 2817 puteosne
752 2767 870 2816 perennes

252 2844 322 2905 sugis
334 2858 416 2906 squae3
438 2843 506 2907 (nam
517 2843 574 2890 vina
585 2842 647 2890 n'lbll
660 2855 743 2890 moror
754 2840 820 2890 illius
832 2854 890 2890 oroe.

251 2936 317 2983 Bure
328 2949 383 2984 meo
395 2947 493 2997 possum
506 2931 599 2994 quidvis
611 2932 718 2995 perferre
728 2930 839 2995 patique3

250 3023 289 3071 Ad
300 3037 367 3072 mere
377 3038 433 3072 cum
443 3021 509 3082 veni,
519 3035 663 3082 generosum
673 3027 698 3069 et
709 3021 765 3069 lene
775 3017 884 3082 requiro,

249 3111 323 3164 Quod
333 3125 402 3160 cures
414 3111 502 3172 abigal,
514 3109 645 3170 quodcum
656 3123 699 3172 spe
709 3109 783 3158 divite
795 3115 878 3158 menet

250 3199 279 3246 lu
290 3213 362 3248 venas
373 3199 528 3260 animumque
539 3213 632 3263 meum,
643 3199 709 3262 quod
719 3202 793 3251 verbe
800 3198 936 3258 ministret,
