2400 3898
232 475 280 524 250
378 511 381 518 .
466 472 497 525 Q·
514 469 654 522 Hortarii
671 468 789 518 rtacci

233 605 327 663 Urguet
336 599 402 648 enim
412 597 525 647 dominus
537 604 644 648 mentem
655 611 705 645 non
716 593 827 657 lenis,'et
835 609 902 646 teres

233 689 355 749 Subiectat
364 688 429 736 lasso
441 685 565 746 stimulos,
576 691 850 746 versatquenegantem.
904 713 907 720 ⁴
922 721 924 726 .

232 777 277 826 Vel
287 789 343 827 cnm
355 773 470 824 Pausiaca
480 781 574 837 torpes,
585 772 682 833 insane,
691 773 812 834 tabella„
852 801 862 818 ..

233 862 282 919 Qut
292 875 374 926 peccas
385 862 467 912 minus
479 870 551 924 atque
561 876 616 923 ego,
627 875 684 910 cum
695 860 766 910 Fulvi
777 864 935 926 flumineque,

231 954 282 1000 Aut
293 950 440 1000 Placideiani
449 957 565 1001 contento
577 949 667 1014 poplite
678 949 755 998 miror
833 991 834 994 ,
916 984 919 992 ,
938 968 944 996 ι
957 989 961 996 .

233 1039 333 1101 Proelia,
344 1040 441 1088 rubrica
450 1039 515 1102 picta
525 1045 567 1087 aut
576 1038 681 1086 carbone
691 1056 699 1099 ;
715 1039 784 1087 velut
794 1038 816 1087 ri

232 1131 268 1178 Re
280 1143 336 1179 vera
344 1136 462 1193 pugnent,
474 1127 573 1187 feriant,
584 1126 707 1188 vitentque
718 1133 843 1176 moventes

231 1223 308 1270 Arma
318 1219 382 1268 viri?
401 1219 513 1279 Nequam
523 1224 548 1264 et
558 1223 666 1280 cessator
676 1215 775 1277 Davus3'
792 1221 818 1264 at
828 1215 880 1278 ipse

232 1308 334 1358 Subtilis
345 1313 453 1356 veterum
461 1304 537 1366 iudex
548 1313 573 1354 et
585 1303 687 1354 callidus
699 1304 775 1354 audis.

233 1396 274 1444 Nil
286 1383 340 1456 ego,
352 1394 374 1442 si
384 1394 459 1442 ducor
470 1393 521 1442 libo
532 1394 660 1454 fumante3
677 1392 721 1440 tibi
732 1393 818 1454 ingens

231 1482 314 1531 tirsus
326 1488 397 1543 atque
408 1480 504 1528 animus
515 1480 592 1528 coenis
603 1489 731 1542 responsat
740 1481 846 1544 opimis?

234 1567 383 1630 Obsequium
392 1566 484 1616 ventris
495 1566 556 1614 mihi
567 1566 727 1628 perniciosius
738 1576 790 1617 est:
807 1572 871 1618 cur?

232 1660 311 1718 Tango
322 1657 415 1719 plector
426 1653 509 1718 eninm
527 1653 569 1717 qui
578 1663 606 1704 tu
618 1655 760 1718 impunitior
770 1657 825 1718 illu,
873 1697 874 1702 ,
906 1696 911 1704 ,

233 1747 293 1798 Qua
303 1757 377 1808 parvo
388 1743 453 1792 sumi
463 1750 596 1806 nequeunt,
609 1744 711 1806 opsonia
721 1748 821 1807 captas?

233 1835 327 1896 Nempe
337 1833 518 1892 inamarescunt
527 1833 605 1895 epulae
613 1833 666 1881 sine
676 1833 726 1881 fine
736 1833 827 1896 petitae,

232 1920 348 1982 Illnsique
357 1920 429 1983 pedes
440 1920 559 1970 vitiosum
566 1921 630 1968 ferre
640 1928 754 1969 recusant
786 1971 788 1977 Α
813 1969 816 1975 ,
835 1962 837 1965 .

233 2011 335 2072 Corpus.
368 2010 409 2058 An
420 2008 460 2057 hic
471 2016 562 2071 peccat,
574 2010 619 2058 sub
630 2016 726 2058 noctem
737 2008 778 2070 qui
789 2025 849 2072 puer
861 2025 930 2061 uvam

233 2097 538 2158 Furtivamutatstrigilii
557 2097 599 2158 qui
610 2097 802 2160 predict-endis,
849 2135 850 2138 η
869 2097 870 2100 ’
893 2145 897 2152 ,
938 2135 941 2140 .

233 2185 275 2234 Nil
288 2184 384 2245 servile,
397 2185 459 2246 girlae
469 2197 567 2247 parens,
580 2185 670 2234 habet?
695 2185 775 2246 Adde,
787 2188 852 2248 quod
863 2188 927 2238 idem

233 2277 290 2324 Non
302 2275 388 2323 horam
400 2275 544 2332 teeum'esse
555 2282 641 2337 potea3
658 2288 708 2323 non
720 2275 772 2324 otia
780 2284 844 2324 recte
920 2310 923 2314 -
936 2311 939 2316 .

234 2364 342 2423 Ponere3
359 2370 430 2423 teque
440 2362 521 2424 ipsum
531 2363 603 2422 vitas,
615 2362 730 2424 iugitims,
739 2372 767 2412 ut
777 2377 844 2424 erro,
854 2412 857 2418 ,

232 2451 289 2499 Jam
299 2448 357 2496 vino
368 2462 489 2510 querens,
499 2452 552 2509 jam
563 2464 651 2498 somno
664 2451 749 2500 fallere
757 2463 854 2500 euram:

232 2539 344 2586 anstra:
362 2549 420 2584 nam
430 2549 511 2584 comes
524 2543 577 2585 atra
587 2537 678 2599 premit
686 2538 842 2602 sequiturque
853 2541 969 2603 fugacem.

232 2623 250 2680 ii
259 2623 330 2675 Unde
341 2623 402 2674 mihi
413 2623 536 2686 lapidem?
564 2622 715 2685 iQuorsum
724 2635 761 2676 est
771 2641 831 2690 opus
841 2631 852 2677 i
864 2679 868 2685 ,
883 2629 982 2691 {Unde
992 2645 1033 2680 sa·

360 2712 453 2775 pout
980 2766 985 2772 .

233 2803 307 2864 iAut
318 2801 408 2852 insanit
418 2803 506 2864 horno,
519 2811 560 2852 aut
569 2819 653 2854 versus
663 2805 728 2854 feeit.
762 2805 860 2867 {Ocius
870 2805 928 2856 hinc
938 2815 962 2856 te

236 2891 269 2939 Ni
280 2891 356 2955 rapis,
367 2892 464 2944 accedes
475 2906 549 2956 opera
559 2907 617 2955 agro
628 2905 694 2943 nona
705 2893 829 2948 Sabino„
901 2931 904 2934 .
938 2927 941 2934 ·
967 2927 984 2935 Η
