2396 3866
383 524 565 577 CARMINUM
584 530 646 579 LIB.
663 533 683 580 1.
700 533 750 582 viii.
935 542 960 587 ll

168 645 224 696 Quo
236 658 282 694 noe
293 661 386 709 cunque
398 649 459 700 feret
469 653 558 702 melior
569 655 667 706 fortune
676 667 786 721 parente,

202 731 303 793 Ibimus,
316 735 339 783 0
351 736 410 785 socii
422 740 583 804 comitesque:

167 819 210 866 Nil
222 819 397 883 desperandum
407 827 502 876 Teucro
513 828 584 890 duce,
596 839 620 880 et
631 833 727 896 auspice
737 837 832 884 Teucro
841 857 849 898 ;

201 908 287 958 Certus
298 911 363 959 enim
374 913 486 974 promisit
496 918 587 979 Apollo

164 997 310 1058 Ambiguam
320 1001 409 1050 tellure
420 1017 482 1052 nova
493 1005 617 1055 Salamine
627 1009 741 1059 murram.

199 1085 221 1132 0
234 1084 319 1147 fortes,
331 1090 460 1152 peioraque
470 1093 535 1154 passi

164 1173 262 1221 Mecum
275 1188 338 1237 saepe
347 1176 404 1237 viri,
415 1193 482 1228 nunc
492 1180 550 1228 vino
561 1183 644 1244 pellite
655 1197 740 1233 curas:

198 1260 257 1308 Cras
270 1261 355 1322 ingens
366 1263 507 1314 iterabimus
519 1281 610 1328 aequor.

485 1494 551 1543 ODE
571 1497 638 1545 VIII.

478 1633 512 1670 An
531 1637 641 1674 drumm.

162 1780 257 1838 Lrnrr,
269 1780 317 1841 dic,
329 1796 372 1844 per
383 1797 468 1834 omnes

193 1867 229 1914 'l'e
240 1866 297 1917 deos
308 1883 363 1930 oro,
375 1871 477 1934 Sybarin
488 1888 532 1922 cur
543 1889 658 1938 properae
669 1877 773 1925 amando

160 1951 282 2002 Perdere?
302 1969 346 2003 cur
356 1957 465 2018 apricum

188 2040 277 2089 Oderit
288 2055 411 2104 campum,
423 2044 517 2106 patiens
529 2047 633 2107 pulveris
644 2056 716 2109 atque
727 2049 804 2098 eolis?

155 2128 207 2175 Cur
219 2142 298 2189 neque
310 2129 423 2179 militaris

187 2219 254 2266 Inter
266 2219 370 2280 aequales
382 2219 483 2281 equitat,
496 2221 589 2271 Gallim
599 2237 644 2272 nec
654 2224 743 2287 lupatis

153 2307 286 2368 Temperat
297 2321 341 2354 ora
352 2307 453 2356 fraenis?
531 2355 534 2360 .

188 2393 239 2441 Cur
250 2393 319 2442 timet
329 2394 418 2444 flavum
429 2395 537 2446 Tiberim
548 2402 664 2460 tangere?
683 2415 727 2449 cur
739 2401 829 2450 ultrum

154 2481 277 2541 sanguine
287 2482 397 2544 viperino

186 2568 286 2617 Cautius
297 2569 375 2619 vitet?
395 2585 472 2634 neque
480 2574 532 2633 jam
543 2573 616 2624 livida
627 2584 703 2636 gestat
714 2579 788 2626 armis

153 2655 267 2716 Brachia,
279 2671 341 2720 sepe
352 2658 428 2720 direo,

187 2744 255 2805 saepe
265 2752 332 2794 trane
343 2747 418 2796 finem
425 2749 508 2808 jadrlo
519 2747 609 2798 nobilir
621 2751 732 2812 expedite
744 2754 753 2799 ἓ

153 2829 219 2884 Quid
229 2831 298 2892 latet,
309 2841 337 2882 ut
347 2833 448 2884 marinae

187 2917 276 2966 Filium
287 2919 369 2971 dicunt
379 2921 489 2974 Thetidis
500 2925 546 2973 rub
557 2925 685 2976 lacrimosa
695 2929 776 2988 Trolae

154 3006 259 3067 Funera,
271 3022 303 3056 ne
313 3009 389 3059 virilis

187 3095 273 3144 Cultus
285 3095 310 3144 in
322 3098 410 3148 caedem
421 3107 446 3149 et
457 3099 540 3164 Lyciae
552 3100 687 3164 proriperet
697 3107 802 3150 deterret
811 3103 821 3147 ἓ
