2400 3898
234 449 283 498 282
480 451 511 505 Q·
528 447 669 500 nondun
685 447 805 500 elnaem

235 577 324 628 Purior
335 577 361 626 in
372 577 430 628 vicis
441 591 504 640 equa
513 577 592 627 tendit
602 591 716 641 rumpere
726 578 864 641 plumbum,

236 669 317 723 Quam
328 682 381 730 qua
392 681 435 730 per
445 681 551 730 pronum
562 665 667 730 trepidat
676 681 733 715 cum
745 680 870 716 mcumure
879 665 960 716 rivum
970 672 982 716 ἓ

236 757 330 820 Nempe
341 755 405 805 inter
414 755 493 804 varias
504 754 612 806 nutritur
624 755 686 804 silva
696 756 834 816 columnas,

235 846 404 908 Laudaturque
414 845 501 895 domus
512 848 600 908 longos
610 861 664 908 qum
675 845 793 909 prospicit
802 860 881 908 agros.

234 937 354 986 Naturam
365 937 472 999 expelles
484 937 562 997 furca,
573 943 655 985 tamen
667 950 743 997 usque
755 943 875 997 recurret,

234 1025 267 1074 Et
277 1026 342 1074 mala
352 1032 493 1092 perrumpet
502 1023 587 1073 firrtim
599 1023 696 1074 fastidis
706 1024 802 1074 victrix⁸

235 1115 303 1175 Nou,
313 1113 354 1176 qui
365 1114 467 1164 Sidonio
477 1114 623 1163 contendere
633 1113 736 1163 callidus
747 1120 815 1163 ostro

234 1201 319 1252 Nescit
328 1201 476 1265 Aquinatem
488 1201 597 1265 potantia
608 1202 699 1250 vellera
710 1201 804 1262 fucum,

235 1290 330 1341 Certius
344 1290 444 1355 accipiet
454 1290 581 1350 damnum,
591 1289 720 1352 propiusve
731 1289 858 1352 medullis,

235 1383 314 1436 Quam
324 1379 367 1443 qui
377 1395 428 1429 non
439 1379 530 1443 poterit
538 1394 596 1429 vero
606 1379 753 1441 distinguere
765 1379 862 1429 laisum.

235 1470 313 1523 Quem
324 1482 363 1516 res
375 1469 429 1530 plus
441 1467 517 1516 nimio
528 1467 676 1517 delectavere
688 1467 809 1529 secunde,

237 1559 339 1607 Mutetae
351 1556 473 1619 quatient:
491 1557 512 1605 si
523 1556 581 1618 quid
592 1557 722 1619 mirabere,
734 1569 810 1621 pones

239 1646 345 1696 invitum
363 1647 418 1708 fuge
430 1659 529 1708 magna:
547 1645 604 1696 lieet
615 1648 660 1696 sub
671 1658 778 1711 paupere
787 1653 853 1696 tecto

239 1739 314 1799 Reges
326 1745 351 1786 et
360 1751 444 1798 regum
452 1736 503 1786 vita
513 1749 663 1800 praecrurere
673 1737 773 1787 amicos.

239 1830 330 1878 Cervus
341 1841 431 1890 equum
441 1841 523 1892 pugna
533 1827 620 1877 melior
631 1827 801 1877 communibus
812 1825 893 1876 herbis
929 1839 933 1844 ·

240 1917 358 1979 Pellebat,
369 1917 447 1968 donec
458 1917 540 1967 minor
549 1917 574 1966 in
585 1915 718 1966 certamine
728 1918 802 1978 longo
866 1935 868 1938 ·

239 2006 380 2072 Implorarit
390 2020 448 2070 opes
459 2007 578 2066 hominis,
591 2007 743 2069 denumque
750 2005 861 2070 'recepitz

238 2096 286 2146 Sed
296 2103 424 2161 postquam
434 2095 512 2146 victor
521 2095 615 2145 violens
625 2095 736 2146 discessit
747 2098 778 2146 ab
789 2097 869 2158 hoste,

238 2186 296 2234 Non
307 2185 412 2248 equitem
423 2184 507 2248 dorso,
519 2199 569 2234 non
581 2185 686 2234 manum
695 2183 789 2249 depulit
799 2198 851 2235 ore.

239 2271 279 2322 Sic
289 2272 331 2336 qui
341 2273 480 2336 pauperiem
491 2275 592 2336 veritus,
604 2273 700 2338 potiore
710 2275 816 2324 metallis

239 2361 360 2427 Libertate
371 2371 446 2424 caret,
459 2365 586 2414 dominum
596 2365 668 2415 vehet
679 2365 817 2429 improbus,
829 2373 900 2428 atque

239 2449 332 2500 Serviet
341 2457 478 2514 aetemum3
496 2453 553 2515 quia
563 2467 638 2516 parvo
649 2453 742 2502 nesciet
752 2452 796 2502 uti.

211 2545 220 2554 ‘
239 2538 285 2591 cui
297 2553 347 2588 non
358 2539 486 2590 conveniet
496 2555 540 2590 sua
550 2555 600 2603 res,
612 2550 641 2591 ut
650 2543 745 2592 calcem
756 2542 827 2603 olim,

237 2628 263 2679 Si
275 2628 335 2692 pede
346 2631 425 2690 major
436 2629 492 2691 erit,
504 2631 642 2695 subvertet;
660 2631 682 2682 si
693 2633 786 2696 minor,
797 2640 859 2682 uret.

239 2721 319 2768 Letum
332 2726 397 2769 sorte
406 2725 449 2768 tua
458 2719 523 2770 vives
535 2721 666 2785 sapienter,
676 2721 754 2773 Aristi
763 2743 771 2786 ς

237 2811 289 2859 Nec
299 2824 339 2859 me
349 2808 455 2860 dimittes
467 2809 647 2874 incastigatum,
659 2813 702 2862 ubi
712 2814 784 2877 plura

239 2900 330 2960 Cogere
342 2913 415 2961 quam
425 2899 484 2949 satis
496 2907 544 2962 est,
556 2914 584 2950 ac
594 2916 645 2951 non
656 2915 750 2952 cessare
761 2896 869 2952 videbor.
954 2919 957 2924 ·

239 2987 345 3048 imperat
355 2992 398 3034 aut
409 2988 483 3037 servit
492 2989 595 3038 collecta
605 2990 708 3052 pecunie
718 2991 815 3053 cuique,

236 3075 341 3121 Tortum
352 3073 425 3134 digna
435 3077 504 3139 sequi
514 3076 595 3140 potius
605 3091 677 3140 quam
688 3078 777 3129 ducere
785 3081 877 3130 funem
