2432 3874
349 569 541 623 SERMONUM
559 575 621 623 ula.
634 575 666 624 11.
683 571 718 622 tii.
884 574 931 622 2³9

135 691 162 746 st
173 695 227 760 qnia
238 695 322 747 lectica
332 697 434 748 nitidam
445 707 538 760 gestare
549 709 614 750 amet
624 715 721 762 mam,

135 786 198 835 Huic
207 794 308 848 vestem,
320 795 348 836 ut
359 796 447 849 gnate,
459 795 528 850 paret
538 789 648 850 ancillas,
660 797 730 852 paret
740 791 844 851 aurum}

134 875 221 936 Boiam
234 883 259 924 et
270 876 385 924 Rufillam
397 878 511 938 appellet,
523 877 629 938 fortique
640 879 728 926 marito

136 961 247 1012 Destinet
258 977 376 1025 uxorem;
394 963 522 1012 interdicto
533 963 591 1012 hnic
602 979 675 1012 omne
686 965 776 1014 adimat
784 967 825 1026 jus

137 1051 240 1111 Praetor,
252 1058 277 1099 et
287 1051 319 1099 ad
330 1065 402 1100 aanor
414 1053 483 1099 abest
492 1051 569 1099 mtela
578 1051 735 1114 propinquos.

138 1137 222 1191 Quid?
242 1137 325 1199 siquis
337 1145 434 1198 gnatam
445 1152 490 1200 pro
502 1146 570 1186 muta
580 1139 679 1188 devovet
690 1153 761 1199 agna,

137 1226 232 1286 Integer
243 1233 281 1274 est
292 1225 385 1272 animi?
406 1239 437 1272 ne
448 1225 547 1274 dixeris,
580 1227 656 1286 Ergo,
666 1227 708 1275 ubi
721 1240 795 1288 prava

138 1312 257 1371 Stultitia,
269 1312 308 1360 hic
320 1319 357 1360 est
370 1326 465 1360 summa
476 1312 583 1361 insania:
601 1313 643 1375 qui
654 1315 795 1376 sceleratus,

137 1401 170 1448 Et
181 1399 287 1448 furiosus
299 1398 345 1447 erit
358 1419 366 1461 ;
385 1414 456 1462 quem
468 1400 532 1463 cepit
543 1400 619 1449 vitrea
629 1401 705 1461 fama,

139 1490 211 1537 Hunc
222 1488 395 1537 circumtonuit
406 1489 514 1550 gaudens
526 1491 631 1538 Bellona
640 1490 756 1540 muenia.

139 1578 221 1636 Nunc,
233 1591 286 1638 age,
298 1577 421 1626 luxuriam
432 1585 457 1625 et
470 1579 654 1628 Nomentanum
666 1578 746 1641 arripe
756 1593 860 1633 mecum.

139 1664 226 1713 Vincet
236 1665 302 1713 enim
313 1666 401 1714 stultos
412 1665 475 1726 ratio
488 1665 596 1714 insanire
608 1675 717 1729 nepotes.

142 1753 188 1802 Hic
198 1753 272 1801 simul
284 1753 374 1814 accepit
384 1751 516 1814 patrimoni
530 1753 599 1802 mille
609 1755 711 1815 talenta,

142 1843 232 1902 Edicit,
243 1843 347 1904 piscator
358 1841 405 1901 uti,
417 1841 551 1904 pomarius,
563 1855 661 1903 anceps,

145 1929 336 1992 Unguentarius‚
349 1944 376 1977 ac
386 1929 460 1978 Tusci
471 1930 542 1977 turba
549 1929 624 1991 impia
634 1928 691 1988 vici,

147 2021 210 2069 Cum
222 2019 311 2068 scurris
323 2018 410 2076 fartor,
422 2031 477 2066 cnm
485 2018 591 2065 Velabro
602 2030 676 2064 omne
685 2017 817 2066 Macellum

149 2111 222 2157 Mane
235 2109 335 2157 domum
347 2106 453 2155 veniant.
487 2105 552 2160 Quid
562 2107 633 2154 tum?
652 2106 746 2154 Venere
757 2107 907 2167 frequentes:

116 2193 122 2204 ’
149 2199 229 2246 Verba
240 2197 298 2246 facit
309 2197 377 2256 leno,
390 2195 510 2256 Quicquid
521 2194 592 2254 mihi,
603 2193 717 2255 quioquid
728 2201 752 2242 et
764 2195 852 2242 horum

152 2286 245 2347 Cuique
256 2285 322 2334 domi
333 2291 380 2344 est,
392 2284 418 2332 id
428 2282 499 2332 crede
510 2291 592 2332 tuum:
610 2284 680 2332 etvel
691 2298 757 2333 nunc
767 2292 831 2346 pete,
839 2286 877 2333 vel
888 2299 949 2334 cras.

151 2374 239 2437 Accipe
250 2372 402 2435 qnidcontra
410 2372 506 2432 J'nvenis
518 2372 669 2434 responderit
679 2387 762 2433 aeqnns
773 2392 781 2434 ;

153 2465 191 2512 lu
203 2463 256 2512 nive
269 2463 366 2510 Lucana
376 2459 468 2509 dormis
479 2466 599 2519 ocreatus,
612 2468 639 2508 nt
650 2475 734 2523 aprum

155 2553 256 2601 Coenem
267 2563 328 2611 0803
345 2557 372 2597 tu
384 2547 461 2610 pisces
472 2547 574 2596 hiberno
586 2562 617 2596 ex
628 2563 724 2610 aequore
735 2550 819 2612 vellis;

156 2640 239 2700 Segnis
251 2653 305 2698 ego,
318 2637 431 2698 indignus
443 2636 485 2698 qui
496 2645 591 2685 tantum
603 2638 752 2698 possideam:
770 2640 854 2688 anser!

158 2729 231 2777 Sume
241 2725 284 2774 tibi
295 2724 390 2786 decies,
408 2723 452 2772 tibi
463 2724 622 2786 tantundem3
640 2726 683 2774 tibi
694 2727 794 2788 triplex,

159 2813 231 2864 Unde
242 2828 305 2861 uxor
317 2812 396 2862 media
407 2812 484 2861 currit
495 2812 525 2860 de
536 2820 607 2861 nocte
622 2812 703 2862 citata.

160 2901 237 2952 Filius
249 2901 334 2964 AEsopi
345 2901 476 2950 detractam
487 2916 518 2950 ex
529 2915 587 2950 aure
600 2902 718 2961 Metellae,

132 2971 144 2989 ’
166 2988 263 3039 Scilicet
272 2995 300 3036 nt
311 2987 389 3036 decies
397 2988 503 3038 solidirm
515 2990 665 3049 exsorberet,
677 2997 743 3038 aceto

166 3076 246 3127 Dilnit
257 3074 378 3136 insignem
389 3076 504 3138 baccam;
522 3077 563 3138 qui
576 3076 670 3134 sanior,
681 3089 709 3124 ac
720 3075 741 3123 si

168 3165 233 3216 lllnd
244 3164 308 3215 idem
320 3164 345 3212 in
357 3163 468 3228 rapidum
480 3165 570 3214 flumen
579 3167 698 3225 Jaceretve
713 3165 836 3214 cloacam?
