2438 3860
454 493 592 544 EPODON
609 496 715 544 LIBER.
939 496 983 542 153

215 629 222 641 '
284 623 367 682 Neque
379 619 497 669 excitatur
507 597 611 682 olus-sico
620 620 692 670 miles
703 619 765 670 truci
774 639 782 681 ;

236 755 238 761 .
316 711 400 770 Neque
410 709 495 757 horret
506 707 595 757 iratum
607 722 692 770 snare-3

282 799 419 860 Forumque
429 797 498 859 vitat,
510 805 535 848 et
546 799 649 860 superba
659 797 747 846 civium

314 887 483 937 Potentiorum
493 887 587 936 limina.

282 977 347 1038 Ergo
358 983 399 1024 aut
410 975 494 1024 adulto
503 974 590 1024 vitium
600 973 732 1037 propagine

313 1066 382 1114 Altus
395 1064 492 1113 maritat
503 1065 618 1127 populos,

282 1153 430 1215 Inutilesque
441 1155 503 1202 fulco
514 1152 595 1202 nomos
607 1159 751 1216 amputans,-

313 1241 442 1290 Felioiores
454 1241 559 1303 inserit3

281 1332 332 1378 Aut
343 1329 369 1378 in
381 1329 480 1379 reducta
489 1330 552 1378 valle
562 1328 721 1390 mugientium

314 1419 455 1481 Prospectat
466 1425 575 1466 errantes
587 1431 685 1479 gregem

279 1507 330 1554 Aut
340 1519 422 1568 pressa
433 1505 501 1568 puris
514 1506 588 1554 mella
598 1499 682 1554 condit
692 1502 816 1566 amphoris
825 1523 833 1565 3

314 1595 364 1642 Aut
374 1593 460 1642 tondet
471 1593 580 1658 infirmus
592 1607 666 1655 oves;

281 1683 336 1742 Vel,
348 1697 403 1732 oum
415 1682 530 1732 doeorum
542 1682 641 1732 mitibus
653 1680 732 1744 pomis
744 1689 816 1742 eaput
889 1737 892 1742 ἱ

313 1771 466 1818 Auctumnus
480 1768 543 1817 arvis
554 1768 652 1828 exustis,

283 1858 318 1905 Ut
328 1856 415 1917 gaudet
425 1855 522 1904 insitiva
532 1856 662 1918 decerpens
673 1868 742 1918 pyra,

315 1946 455 1994 certantem
467 1953 492 1994 et
503 1959 575 1993 uvam
586 1957 710 2006 ptumum,

284 2034 338 2086 Qua
348 2039 490 2080 muneremr
501 2039 536 2092 te,
548 2030 646 2094 Priape,
658 2037 683 2080 et
692 2038 727 2091 te,
739 2038 807 2093 puter

313 2121 427 2184 Sylvane,
437 2126 505 2167 tutor
516 2119 618 2169 finium!

281 2207 351 2258 Libet
358 2210 439 2269 jacere
449 2208 523 2258 modo
535 2209 580 2256 sub
591 2206 691 2270 antiqua
701 2206 766 2267 uice,

246 2275 250 2282 '
313 2296 389 2345 Modo
397 2288 427 2344 ‘n
438 2295 517 2344 senas
528 2295 645 2356 gramine.

281 2385 406 2433 Labuntur
417 2383 472 2432 altis
484 2383 583 2432 interim
594 2381 654 2444 n'pis
665 2395 749 2444 aquae3

217 2485 221 2492 ’
312 2474 454 2526 Queruntur
465 2471 490 2519 in
502 2471 570 2520 silvis
582 2484 637 2520 aves
644 2491 653 2532 3

181 2558 185 2564 “
224 2557 229 2565 '
281 2561 416 2623 Fontesque
427 2559 532 2624 lymphis
543 2560 688 2622 obstrepunt
698 2557 863 2622 manantibus,

313 2650 418 2698 Somnos
431 2649 496 2711 quod
506 2646 591 2696 invitet
602 2649 674 2697 leves.

278 2738 312 2784 At
321 2750 377 2785 cum
387 2735 495 2784 tonantis
506 2749 584 2784 annus
596 2735 712 2784 hibernus
724 2736 739 2783 J
742 2733 795 2783 ovis

311 2826 403 2874 Imbres
414 2824 528 2886 nivesque
538 2832 673 2886 oompasnt,

281 2914 332 2961 Ant
341 2913 418 2963 trudit
428 2927 494 2964 sores
505 2914 563 2962 hino
574 2921 599 2964 et
609 2913 667 2962 hino
678 2913 756 2962 multo
766 2925 825 2960 mne

314 3002 393 3062 Apros
404 3002 430 3051 in
441 3005 565 3054 obstantes
576 3005 676 3067 plogm5
