2396 3866
249 515 278 560 10
483 521 512 572 Q.
531 519 668 567 HORATH
687 520 803 569 FLACCI

575 738 641 786 ODE
659 739 713 786 VII.

376 890 410 924 Ab
427 889 566 924 sturionum
585 890 717 938 PLANCUM,
734 890 914 926 consumunt.

250 1080 408 1128 Ltunsuursn
419 1079 462 1128 alii
473 1081 562 1129 clarem
574 1080 688 1140 Rhodon,
700 1087 743 1129 aut
753 1079 897 1142 Mitylenen,

281 1169 332 1216 Aut
342 1169 468 1229 Epheson,
479 1167 607 1216 bimarisve
620 1166 733 1217 Corinthi

251 1255 354 1315 Moeuia,
365 1257 403 1304 vel
414 1257 510 1304 Boccho
521 1257 616 1305 Thebas
627 1257 665 1304 vel
676 1254 791 1318 Apolline
802 1254 909 1315 Delphos

283 1341 402 1401 lusignes,
415 1350 457 1389 aut
466 1343 585 1392 Thessala
594 1345 700 1405 Tempe:

251 1431 313 1476 Sunt
325 1427 411 1489 quibus
423 1442 500 1475 unum
510 1441 572 1489 opus
582 1436 629 1487 est,
641 1427 736 1476 intactse
749 1428 853 1476 Palladis
864 1429 948 1475 urbem

284 1512 397 1566 carmine
408 1521 523 1575 perpetuo
534 1513 665 1571 celebrare,
676 1520 702 1560 et

252 1601 366 1663 Undique
377 1601 513 1664 decerptam
524 1600 600 1650 fronti
611 1614 751 1663 praeponere
762 1600 864 1648 olivam:

285 1689 408 1738 Plurimus
419 1689 445 1737 in
457 1689 563 1738 iunonis
574 1690 694 1738 honorem

251 1778 343 1838 Aptum
354 1776 417 1824 dicet
428 1776 495 1838 equis
507 1779 595 1838 Argos,
607 1777 716 1838 ditesque
727 1779 849 1840 Mycenas.

284 1865 326 1911 Me
336 1877 381 1912 nee
391 1871 441 1912 tem
453 1864 546 1927 patiens
557 1865 725 1925 Lacedaemon,

253 1953 304 1999 Nec
314 1958 364 1999 tem
376 1951 477 2000 Lerissae
489 1951 607 2014 percussit
618 1967 717 2016 campus
728 1952 826 2015 opime,

285 2041 364 2092 Quam
376 2039 463 2089 domus
474 2040 591 2104 Albuneae
604 2040 749 2100 resonantis,

253 2129 285 2176 Et
295 2143 400 2191 praeoeps
411 2129 486 2190 Anio,
498 2144 525 2179 ao
536 2131 640 2181 Tiburni
651 2134 732 2192 luctus,
743 2138 768 2180 et
778 2131 827 2180 uda

285 2216 418 2265 Mobilibus
429 2218 538 2279 pomaria
549 2219 615 2270 rivis.

253 2305 330 2351 Albus
341 2312 369 2351 ut
381 2305 483 2351 obscuro
495 2303 602 2361 deterget
613 2303 697 2350 nubilo
706 2304 769 2350 coelo

286 2391 354 2451 Saepe
365 2390 455 2447 Notus,
467 2401 545 2448 neque
556 2387 660 2449 parturit
670 2387 760 2436 imbres

253 2479 384 2538 Perpetuos
393 2495 401 2536 3
418 2473 453 2522 sic
463 2480 492 2522 tu
503 2472 598 2535 sapiens
609 2473 680 2522 finire
690 2480 812 2522 momento

284 2560 419 2610 'iristitiam
430 2559 532 2621 viteque
542 2561 637 2608 labores

254 2650 336 2708 Molli,
350 2649 448 2708 Plance,
460 2661 528 2696 mero
538 2667 547 2710 ;
564 2661 608 2697 seu
618 2657 642 2698 te
653 2647 770 2710 fulgentia
781 2648 855 2710 signis

286 2738 372 2786 Castra
382 2743 475 2797 tenent,
488 2749 531 2784 seu
542 2736 617 2785 dense
627 2736 718 2785 tenebit

253 2823 351 2873 Tiburis
361 2825 449 2872 umbra
458 2823 503 2873 tui.
535 2826 628 2873 Teuoer
639 2823 762 2874 sumina
772 2831 912 2887 putremque

287 2914 349 2962 Cum
361 2913 463 2974 fugeret,
474 2919 555 2960 tumen
566 2913 616 2961 uda
626 2914 696 2976 Lyaeo

254 3005 376 3065 Tempora
387 3003 490 3066 populea
501 3001 578 3050 fertur
588 2999 695 3051 vinxisse
706 3015 806 3062 oorons,

288 3088 327 3138 Sic
338 3087 419 3139 tristes
431 3091 516 3140 affatus
528 3087 631 3138 amieos:
