2432 3874
375 525 567 575 SERMONUM
585 523 647 574 LlB.
666 527 697 574 ll.
714 525 749 574 iii.
910 526 958 575 235

162 651 261 700 Gnaeus
272 649 420 715 Aristippus,
432 652 474 714 qui
485 665 566 702 servos
577 652 694 716 prolicere
705 664 792 702 aurum

164 742 191 788 ln
205 741 284 791 media
292 742 365 802 iussit
376 743 459 807 Libya,
471 743 629 806 quietudine
640 744 704 792 irent

162 833 264 894 Propter
275 847 337 881 onus
349 836 452 894 segnem
471 843 526 883 uter
537 842 574 883 est
584 833 692 882 insanior
703 834 810 882 horum?

162 917 205 966 Nil
212 914 262 980 agit
272 922 422 983 exemplum,
433 921 502 969 litem
513 921 578 982 quod
588 920 631 968 lite
643 921 749 968 resolvit.

162 1006 188 1054 si
200 1007 253 1068 quis
265 1015 330 1057 emat
340 1008 455 1068 citharas,
467 1016 544 1056 emtas
555 1015 689 1072 comportet
700 1009 724 1056 in
737 1023 824 1068 unum,

164 1097 214 1144 Nec
226 1096 306 1144 studio
316 1097 415 1146 cithara
427 1111 471 1146 uec
483 1099 561 1146 Musae
571 1097 665 1145 deditus
676 1098 738 1157 ulli;

163 1184 190 1232 Si
202 1185 296 1246 scalpra
306 1192 331 1233 et
341 1185 442 1244 formas,
454 1200 504 1232 nou
516 1193 600 1246 sutor3
618 1185 715 1234 nautica
725 1186 787 1245 vela,

163 1274 269 1320 Aversus
280 1271 437 1321 mercaturis:
455 1271 545 1320 delirus
556 1279 581 1320 et
589 1285 672 1320 amens

163 1360 277 1422 Undique
288 1360 381 1410 dicatur
392 1360 488 1409 merito.
522 1358 571 1414 Qut
582 1359 701 1423 discrepat
712 1359 775 1420 istis,

165 1448 214 1501 Qui
226 1461 339 1497 nummos
351 1461 485 1509 aurumque
497 1447 615 1508 recondit,
628 1447 722 1496 nesclus
733 1447 770 1495 uti

166 1535 324 1598 Compositis,
336 1543 492 1597 metuensque
503 1537 570 1585 velut
581 1533 721 1596 contingere
732 1539 844 1585 sacrum?

166 1624 192 1671 Si
204 1623 257 1685 quis
269 1623 299 1672 ad
310 1623 432 1686 ingentem
443 1623 560 1673 frumenti
571 1639 666 1687 semper
678 1637 789 1673 acervum

165 1714 293 1762 Porrectus
303 1712 387 1773 vigilet
397 1728 452 1761 cum
464 1714 536 1773 longo
548 1713 629 1774 fuste3
647 1727 724 1774 neque
734 1713 803 1762 illinc

165 1800 260 1849 Audeat
270 1800 380 1849 esuriens
392 1800 505 1848 dominus
516 1799 655 1860 contingere
667 1814 779 1861 granum,

169 1892 205 1937 Ac
216 1887 296 1951 potius
311 1888 377 1937 foliis
389 1903 474 1951 parcus
486 1896 596 1938 vescatur
607 1887 709 1936 amaris:

169 1977 206 2036 Si,
218 1975 304 2038 positis
315 1975 381 2024 intus
393 1975 449 2024 Chii
460 1975 595 2036 veterisque
606 1975 703 2024 Falerni

169 2062 241 2112 Mille
251 2063 411 2112 cedis-nihil
422 2071 469 2122 est,
481 2069 617 2112 tercentum
629 2062 747 2122 millibus,
759 2076 814 2111 acre

169 2153 240 2199 Potet
250 2157 358 2198 acetum:
376 2164 430 2210 age,
441 2150 497 2198 siet
508 2149 647 2198 stramentis
659 2149 757 2198 incubet
767 2150 844 2198 uude·

169 2238 299 2300 Octoginta
309 2253 387 2286 annos
400 2246 481 2298 natus,
493 2238 533 2286 cui
544 2239 651 2298 stragula
662 2238 745 2297 vestis,

167 2329 303 2376 Blattarum
313 2341 340 2374 ac
350 2325 471 2375 tinearum
482 2326 570 2389 epulae,
582 2333 703 2388 putrescat
715 2325 740 2374 iu
753 2339 822 2375 arca:

168 2416 293 2466 Nimirum
305 2417 406 2465 insanus
418 2415 500 2478 paucis
510 2415 620 2465 videatur
632 2429 672 2477 eo,
683 2416 748 2478 quod

166 2503 276 2552 Maxima
287 2517 342 2566 pars
353 2503 483 2552 bominum
496 2504 581 2551 morbo
591 2505 696 2563 jactatum
706 2503 800 2552 eodem.

167 2590 242 2640 Filius
255 2599 297 2640 aut
308 2591 381 2640 etiam
392 2591 444 2639 haec
455 2591 556 2640 libertus
567 2599 595 2640 ut
605 2591 687 2640 ebibat
697 2591 785 2651 haeres,

165 2677 209 2728 Dis
221 2679 318 2728 inimice
329 2695 414 2740 senex,
427 2679 552 2728 custodis?
573 2694 604 2728 ne
613 2679 658 2728 tibi
670 2679 750 2728 desit?

166 2768 317 2821 Quantulum
328 2769 393 2818 enim
405 2782 507 2818 summm
518 2769 623 2818 curtabit
634 2769 735 2830 quisque
746 2765 851 2824 dierum,

166 2858 264 2917 Ungere
274 2855 295 2904 si
306 2859 385 2905 caules
398 2859 452 2906 oleo
465 2857 576 2916 meliore,
588 2863 707 2918 caputque

166 2943 276 3006 Goeperis
287 2943 383 3007 impexa
394 2945 486 2994 foedum
498 2945 641 3006 porrigine?
673 2943 763 3000 Quare,

165 3032 193 3084 Si
204 3031 298 3094 quidvis
310 3031 369 3079 satis
380 3039 427 3092 est,
438 3035 557 3094 perjuras,
569 3027 682 3093 surripis,
694 3027 775 3076 aufers

165 3117 297 3181 Undique?
327 3117 380 3168 tuu'
393 3117 482 3169 sunus?
514 3119 636 3183 Populum
648 3115 669 3166 si
679 3115 771 3166 caedere
782 3111 848 3164 suxis
