2400 3898
328 562 565 613 EPISTOLARUM
584 565 646 613 [ΑΒ.
664 566 684 613 1.
700 565 750 615 xvi.
891 572 936 620 291

139 689 297 737 §rumorum
309 688 419 739 incurata
428 691 506 753 pudor
518 692 597 740 malus
608 692 692 742 ulcera
702 695 772 743 celat

139 775 165 824 Si
177 776 230 838 quis
241 777 305 826 bella
315 777 359 826 tibi
370 785 436 827 terra
446 787 552 840 pugnata
563 779 673 842 marique

138 863 219 925 Dicat,
230 873 255 914 et
265 866 303 914 his
314 866 392 915 verbis
403 880 489 915 vacuas
500 869 649 929 permnlceat
660 883 730 919 aures
739 891 748 934 3

142 952 235 1001 “Tene
247 953 322 1013 magis
335 954 429 1002 salvum
439 954 543 1016 populus
554 954 623 1014 velit,
636 968 666 1004 an
678 959 795 1021 populum
804 967 841 1022 tu,

143 1041 162 1066 “
170 1041 254 1089 Servet
264 1042 290 1089 in
302 1042 425 1102 ambiguo,
437 1042 478 1103 qui
489 1042 596 1091 consulit
607 1051 632 1092 et
642 1044 688 1094 tibi
698 1055 723 1096 et
733 1047 799 1109 urbi,

141 1129 279 1192 “iuppiter
288 1131 314 1192 ;''
337 1130 441 1191 Augusti
452 1130 535 1178 laudes
547 1144 681 1192 agnoscere
694 1135 780 1197 possis.

143 1220 206 1267 Cum
217 1219 306 1282 pateris
317 1219 412 1282 sapiens
424 1219 612 1280 emendatusque
623 1221 714 1282 vocari,

142 1306 314 1368 Respondesue
324 1313 377 1366 tuo,
389 1306 427 1354 dic
439 1306 520 1366 sodes,
532 1307 649 1357 nomine?
668 1311 689 1365 ti
696 1312 790 1374 Nempe

141 1393 185 1442 Vir
196 1394 276 1442 bonus
287 1401 311 1442 et
322 1393 427 1456 prudens
440 1392 487 1442 dici
499 1393 606 1443 delector
617 1410 661 1457 ego
673 1412 700 1446 ae
711 1406 746 1446 tu.

144 1481 219 1542 itini
231 1482 297 1531 dedit
308 1482 446 1542 huchodie,
458 1497 521 1542 cras,
533 1483 554 1531 si
565 1484 640 1545 volet,
653 1486 762 1549 auferet3
780 1494 807 1536 ut
817 1487 838 1535 si

145 1571 266 1619 Detulerit
276 1572 351 1620 fasces
363 1571 472 1632 indigno,
485 1572 595 1620 detrahet
606 1573 678 1622 idem.

146 1659 223 1719 Pone,
234 1673 316 1708 meum
328 1668 374 1718 est,
387 1658 476 1720 inquit:
494 1674 569 1722 pono,
581 1660 704 1723 tristisque
715 1661 809 1711 recedo.

145 1747 212 1795 Idem
224 1747 245 1795 si
255 1748 344 1796 clamet
354 1747 443 1805 iurem,
456 1756 526 1806 neget
536 1761 589 1794 esse
599 1747 724 1809 pudicum,

147 1835 285 1884 contendat
295 1836 382 1894 laqueo
393 1834 484 1882 collum
495 1835 611 1895 pressisse
621 1843 760 1896 paternum,

148 1923 263 1972 Mordeat
274 1921 410 1984 opprobriis
423 1921 490 1969 falsis
502 1929 641 1982 mutemque
651 1924 764 1972 colores?

148 2012 233 2061 Falsus
244 2012 325 2059 honor
332 2012 411 2070 juvat,
422 2017 447 2057 et
458 2009 562 2057 mendax
574 2009 676 2057 infamia
685 2017 771 2070 terret,
848 2030 852 2040 ¹

149 2101 238 2159 Quem,
247 2098 295 2147 nisi
302 2098 445 2146 mendosum
454 2105 479 2146 et
486 2095 672 2145 medicandum?
686 2096 730 2145 Vir
741 2098 863 2148 bonusest
871 2100 924 2160 quis

148 2188 198 2242 Qui
209 2189 321 2237 consulta
328 2195 435 2249 patrum,
448 2185 489 2248 qui
501 2186 565 2247 leges
574 2188 677 2248 juraque
689 2195 784 2249 servat3

150 2280 206 2333 Quo
217 2278 300 2326 multae
311 2290 451 2338 magnaeque
457 2285 567 2324 secantur
576 2276 657 2336 Judice
670 2275 741 2338 lites3

151 2369 206 2423 Quo
217 2380 256 2414 res
267 2379 384 2427 sponsore
396 2372 421 2412 et
431 2378 480 2426 quo
491 2377 569 2411 causae
580 2371 641 2412 teste
653 2371 775 2412 tenentur.

153 2454 201 2504 Sed
211 2453 275 2502 videt
286 2454 351 2501 hunc
363 2451 443 2500 omnis
455 2452 542 2501 domus
549 2459 574 2500 et
583 2451 672 2500 vicinia
682 2459 734 2500 tota

154 2545 276 2592 Introrsus
287 2551 393 2605 turpem,
406 2542 541 2604 speciosum
551 2541 615 2602 pelle
627 2539 722 2588 decora.

153 2635 206 2682 Nec
217 2633 308 2681 furtum
319 2631 375 2690 feci,
387 2645 431 2679 nee
443 2630 510 2692 fugi;
528 2629 549 2677 si
560 2628 621 2676 mihi
632 2627 697 2676 dicat

154 2722 256 2770 Servus:
275 2721 356 2768 Habes
366 2719 481 2781 pretium,
494 2717 553 2766 loris
566 2732 616 2765 non
627 2715 716 2774 ureris,
730 2715 777 2764 aio.

155 2811 236 2870 {Non
247 2807 372 2855 hominem
382 2808 471 2856 occidit
489 2810 507 2866 ti
516 2809 571 2854 Non
583 2818 665 2867 pasces
677 2804 702 2850 in
712 2816 783 2850 eruce
792 2816 885 2853 eorros.

154 2894 243 2953 iiSum
253 2897 342 2955 bonus,
353 2904 378 2944 et
388 2896 462 2956 frugi:
481 2893 596 2953 iiRenuit
603 2891 739 2952 negitatque
750 2890 874 2938 Sabellus:

156 2986 247 3036 Cautus
259 2985 325 3032 enim
336 2983 422 3032 metuit
431 2985 525 3031 foveam
537 2984 618 3045 iupus,
632 2977 791 3039 accipiterque
881 3025 883 3030 ,

155 3078 284 3138 suspectos
296 3074 405 3134 laqueos,
415 3079 440 3119 et
451 3079 562 3133 opertum
574 3069 664 3117 miliius
675 3067 783 3114 hamum.

154 3165 268 3216 Oderunt
277 3175 374 3227 poecare
384 3160 454 3220 boni,
465 3158 561 3207 virtutis
573 3171 672 3217 amore5
