2400 3898
211 429 260 476 ssu
448 426 481 478 o.
499 421 639 472 uonsnu
659 381 776 472 eunom

212 556 252 604 Ad
262 555 338 604 libros
349 552 416 603 etad
426 553 478 602 hnc
489 553 617 601 Musarum
631 551 696 624 dopa
706 563 816 611 vocares,

214 642 329 693 Boeotisrn
340 642 365 690 in
374 655 456 690 nmen
464 643 560 702 jurares
570 645 627 690 aere
637 647 731 690 nattum.

211 736 245 782 At
256 746 332 794 neque
342 731 487 780 dedecorant
497 737 541 780 tre
552 730 583 778 de
593 744 620 778 se
628 729 728 790 iudicia,
738 737 809 791 etque

212 823 326 881 Munera,
338 836 390 882 quae
402 819 569 870 multadautis
580 833 637 870 cum
648 818 718 869 laude
728 819 848 877 tulerunt,

211 910 300 959 Dilecti
310 909 355 959 tibi
366 909 482 972 Virgilius
492 908 627 970 Variusque
637 911 715 970 poete
724 926 730 954 z

213 1002 263 1048 Nec
274 1000 350 1062 magis
361 1000 470 1063 expressi
481 1001 562 1048 uultus
573 1012 616 1061 per
627 998 720 1046 dienen
731 996 809 1058 signa,

212 1092 293 1144 Quam
303 1105 346 1153 per
353 1089 414 1138 vatis
426 1103 486 1152 opus
499 1102 579 1138 mores
591 1086 714 1149 animique
723 1086 832 1136 virorum

214 1180 344 1228 Clarorum
355 1185 477 1240 apparent.
511 1179 562 1226 Nec
573 1189 698 1226 sermones
709 1189 753 1236 ego
764 1175 864 1222 malleni

212 1269 331 1330 liepentes
343 1281 386 1330 per
397 1269 510 1327 humum,
521 1259 593 1328 quem
604 1280 643 1314 ree
654 1278 799 1328 componere
812 1271 902 1326 getes,

210 1357 390 1417 Terrarumque
401 1356 461 1406 sitm
472 1363 496 1404 et
508 1354 610 1404 flumina
620 1354 709 1414 dicere,
721 1361 747 1403 et
757 1367 823 1402 arces

212 1441 338 1490 Montibus
349 1441 484 1504 impositas,
495 1449 521 1490 et
531 1443 636 1490 barbara
646 1457 729 1502 regna,
740 1440 837 1502 tuisque

210 1527 330 1590 Auspiciis
341 1536 421 1576 totum
431 1528 541 1576 coniecta
551 1528 634 1576 duella
644 1543 687 1591 per
698 1529 792 1587 orben,

212 1617 370 1678 Claustraque
382 1615 507 1664 custodem
518 1615 583 1679 pacis
595 1616 733 1666 cohibentia
745 1617 848 1676 lanum,

209 1707 241 1754 Et
251 1705 408 1754 formidatam
419 1703 516 1754 Parthis
527 1712 551 1754 te
562 1704 672 1767 principe
683 1707 804 1765 Romam

211 1793 248 1854 Si,
260 1801 377 1856 quantum
388 1808 512 1857 euperem,
524 1807 621 1856 possem
631 1805 735 1854 quoque.
760 1792 808 1842 Sed
818 1805 897 1853 neque
909 1804 1010 1854 parvum

212 1883 317 1930 Carmen
329 1885 442 1943 majestas
454 1881 540 1945 recipit
550 1889 603 1942 tua,
616 1895 660 1930 nee
671 1895 739 1930 meus
751 1881 824 1930 nodet

211 1973 272 2019 Rem
282 1977 377 2020 tentme
388 1970 476 2033 pudor,
488 1984 561 2033 quam
571 1968 636 2019 vires
648 1969 712 2018 ferre
723 1977 842 2020 recusent.

211 2059 331 2108 sedulitas
342 2067 433 2120 eutem,
445 2060 519 2108 stulte
530 2073 602 2121 quem
613 2057 702 2119 diligit,
713 2065 816 2118 urguet3

211 2147 333 2210 Praecipue
344 2162 399 2196 cum
411 2161 437 2195 se
452 2147 559 2196 numeris
570 2146 724 2202 sommendat
735 2153 759 2194 et
770 2153 833 2196 erte:

210 2219 288 2286 nnn
299 2235 365 2284 enum
374 2235 446 2285 ciuus
457 2236 615 2298 meminitque
626 2234 741 2285 nunnus
754 2234 816 2284 suus

210 2324 284 2377 Quod
293 2325 346 2385 quis
358 2324 461 2385 deridet,
473 2339 545 2386 quant
555 2324 621 2386 quod
631 2325 718 2387 probat
728 2331 896 2374 etveneratur.

210 2412 253 2460 Nil
264 2425 346 2460 moror
358 2413 464 2462 officium
475 2414 541 2475 quod
551 2429 592 2462 me
602 2422 698 2476 masat:
717 2427 745 2462 ac
755 2427 833 2476 neque
844 2415 900 2462 licto

210 2502 239 2548 ln
250 2502 317 2562 pejus
329 2502 398 2550 vultu
409 2501 514 2564 proponi
526 2516 610 2552 cereus
622 2518 736 2566 usquam,

209 2591 260 2637 Nec
271 2602 342 2651 prave
354 2589 423 2640 iactis
435 2589 544 2639 decorari
556 2591 664 2642 versibus
672 2600 744 2655 opto:

209 2680 356 2728 Nerubcam
368 2679 451 2742 pingui
463 2680 567 2730 donatus
579 2696 689 2742 munere,
702 2691 727 2732 et
737 2697 787 2731 una

209 2768 271 2816 Cum
284 2767 399 2832 scriptore
411 2784 466 2819 meo
477 2784 550 2834 capsa
560 2779 686 2834 porrectus
698 2779 792 2834 aperta,

208 2857 309 2905 Deseror
321 2858 346 2905 in
358 2858 440 2908 vicum
451 2860 595 2910 vendentem
607 2867 646 2908 tus
659 2867 684 2910 et
694 2861 793 2919 mores,

207 2947 240 2993 Et
250 2947 329 3010 piper,
340 2955 365 2996 et
376 2951 489 3012 quicquid
500 2950 591 3000 chartis
600 2950 713 2999 amicitur
725 2949 821 3012 ineptis.
