2432 3874
306 506 308 510 '
388 499 581 550 SERMONUM
598 499 662 548 llll.
679 499 699 548 1.
715 497 733 548 l.
896 498 957 548 ,185

164 628 289 678 Dimovcnt
300 630 379 688 lucro,
390 642 468 690 neque
479 601 568 686 hiems,
580 625 653 687 ignis,
664 639 741 685 mure,
752 623 862 686 fernim

164 717 206 766 Nil
218 718 297 766 obstet
308 717 363 775 tibi,
375 717 433 764 dum
446 730 477 765 ne
488 715 520 765 sit
530 722 554 764 tc
565 714 639 764 ditior
650 715 720 763 alter.

163 805 227 860 Qud
235 807 303 865 juvat
314 805 460 853 immensum
470 811 495 853 tc
505 803 598 865 argenti
610 803 705 866 pondus
716 810 741 852 et
751 802 804 852 nuri

162 894 256 943 Furtim
267 895 362 944 dmossa
372 895 485 943 timidum
497 894 618 955 deponere
629 895 713 942 terra?

162 983 268 1043 tiQnod,
280 983 301 1031 si
311 983 473 1042 comminuas,
484 982 558 1030 vilem
569 981 690 1042 redigatur
702 980 732 1028 ad
743 981 835 1029 nucem(

162 1073 221 1130 idi
233 1071 259 1119 ni
270 1070 296 1118 id
306 1071 345 1130 fn,
357 1071 414 1132 quid
424 1072 498 1119 habet
508 1068 603 1132 pulchri
612 1075 765 1117 couttructun
776 1082 873 1117 acervus
882 1071 892 1116 ?

162 1158 244 1207 Millin
255 1159 372 1206 frumenti
383 1166 425 1206 tun
435 1157 529 1206 triverit
539 1171 595 1204 area
605 1164 714 1214 centurn,

162 1248 219 1295 Non
230 1254 287 1294 tuus
298 1246 344 1294 hoc
355 1245 432 1308 capiet
442 1251 525 1293 venter
536 1244 590 1306 plus
598 1257 671 1310 quom
682 1257 763 1292 mcum
781 1251 818 1303 nt,
831 1243 851 1291 ni

161 1334 298 1383 Reticulum
309 1332 378 1396 panis
388 1333 485 1380 vennloe
496 1331 560 1380 inter
571 1339 661 1379 onusto

160 1423 233 1471 Forte
243 1421 316 1470 vehas
328 1421 442 1479 humero,
453 1419 532 1468 nihilo
543 1420 598 1482 plus
609 1418 711 1481 accipian
722 1432 794 1479 quam

161 1510 209 1564 Qui
220 1510 256 1558 nil
267 1508 378 1572 portarit.
411 1508 456 1557 Vcl
464 1507 513 1567 dic,
525 1507 583 1569 qnid
594 1507 683 1556 referat
693 1504 759 1554 intra

162 1600 261 1647 Naturae
273 1598 334 1646 finon
345 1596 443 1657 viventi,
453 1597 538 1658 jugero
548 1603 657 1655 connum,
668 1609 700 1643 nn
825 1589 830 1598 “
870 1574 874 1590 ’

160 1687 230 1735 Mille
241 1693 293 1735 aret
304 1689 313 1734 ?
344 1687 404 1746 tlAt
414 1700 486 1735 suave
496 1693 533 1734 cst
544 1699 574 1733 ex
586 1699 675 1746 magno
686 1685 773 1732 tollere
784 1697 877 1733 acervo.
929 1684 937 1694 '

160 1777 178 1834 tl
185 1776 250 1822 Dum
262 1788 293 1822 ex
303 1788 378 1837 parvo
389 1773 460 1821 nobis
471 1773 615 1822 tantundem
625 1771 723 1820 haurire
733 1771 867 1833 relinquas,

162 1863 212 1911 Cur
223 1870 266 1910 tun
276 1863 331 1923 plus
343 1861 426 1910 laudes
436 1860 540 1908 cumeris
552 1858 664 1920 granaria
674 1858 764 1907 nostris
774 1861 784 1906 ?

159 1951 204 2008 Ut,
217 1949 262 2020 tibi
273 1949 294 1998 si
305 1949 338 1997 sit
347 1963 408 2010 opus
419 1947 504 2009 liquidi
515 1961 565 1995 non
577 1946 681 2008 amplius
692 1957 765 2004 urna,

158 2039 204 2087 Vel
216 2037 313 2100 cyatho,
325 2044 350 2084 et
360 2035 441 2096 dicam
460 2036 549 2096 Magno
561 2033 591 2081 de
602 2033 703 2081 flumine
714 2033 824 2091 mallem,
913 2061 917 2072 ·

160 2128 240 2180 Quam
251 2139 283 2172 ex
294 2124 340 2171 hoc
351 2122 471 2170 fonticulo
483 2120 626 2169 tantundem
636 2134 740 2169 sumere.
773 2121 810 2168 Eo
822 2120 860 2179 fit,

159 2213 259 2261 Plenior
268 2219 297 2260 ut
308 2211 400 2272 siquos
412 2210 513 2258 delectet
523 2199 593 2271 copia
599 2211 677 2268 justo,

160 2302 222 2350 Cum
234 2300 287 2363 ripa
297 2299 371 2348 simul
381 2299 477 2348 avulsos
489 2297 551 2346 ierat
562 2296 664 2344 nundus
675 2308 744 2344 noer:

158 2391 192 2438 At
203 2389 245 2450 qui
256 2387 345 2436 tantuli
355 2394 408 2448 eget
419 2388 509 2448 quanto
521 2392 639 2447 ditonus,
651 2383 672 2431 is
683 2395 761 2444 neque
772 2381 832 2430 limo

69 2470 73 2476 ’
157 2479 290 2527 'liubatam
301 2477 383 2526 haurit
394 2489 491 2540 aquam,
504 2489 581 2536 noque
593 2474 668 2522 vitam
679 2472 770 2522 omittit
780 2472 805 2520 in
818 2471 897 2520 undis.

157 2568 191 2615 At
202 2568 267 2616 bona
278 2579 334 2629 pars
343 2565 471 2615 hominum
482 2564 581 2628 decepta
591 2563 786 2626 cupidinosum,

158 2657 200 2705 Nil
213 2656 271 2705 satis
283 2665 329 2716 est,
341 2656 420 2718 inquit
430 2675 437 2717 ;
454 2655 594 2716 quiritanti,
606 2661 722 2716 quantum
732 2653 831 2712 habens,
842 2651 884 2700 nis.

158 2743 224 2798 curu
234 2723 306 2792 facin
317 2743 374 2792 nn?
391 2745 476 2804 juneas
489 2743 604 2790 miserum
616 2756 668 2790 esse
679 2741 783 2789 inerter

159 2834 283 2886 Quatenus
296 2831 321 2878 id
331 2831 402 2879 facit:
419 2838 447 2880 ut
457 2829 554 2892 qnidam
565 2837 713 2878 memoratur
724 2827 827 2876 Athenin

158 2917 275 2968 Sordidus
287 2932 314 2967 ac
324 2918 400 2979 dives,
411 2919 494 2981 populi
506 2926 662 2967 contemnere
670 2930 740 2965 voces

158 3005 198 3055 Sic
210 3004 310 3053 solitus:
330 3007 435 3067 Populus
447 3021 486 3056 me
497 3006 595 3066 sibilat3
612 3013 638 3054 at
649 3004 709 3053 mihi
719 3001 809 3066 plaudo
854 3015 858 3024 ¹
