2432 3874
380 629 573 680 sermonum
591 603 653 682 nin.
671 636 691 683 1.
708 635 733 684 ιι.
916 640 961 686 189

164 751 191 802 Si
202 753 255 814 quis
267 769 332 803 nunc
342 763 444 816 queret,
455 758 510 811 Qun
522 772 561 807 res
573 759 625 808 haec
636 762 760 824 pertinet?
781 765 858 827 llluc;

164 842 229 889 Dum
240 841 317 890 vitent
326 843 395 893 stulti
405 844 473 905 vitia,
485 845 511 894 in
522 847 645 896 contraria
654 859 763 900 currunt.

2 935 3 946 ¹
108 987 110 991 ι
163 909 398 980 Malthinuctunicic
409 933 656 996 demissisambulat3
674 938 762 998 estqui

164 1020 254 1079 luguen
266 1019 296 1068 cd
306 1021 448 1070 obscoenum
459 1020 580 1070 subductis
590 1037 667 1083 unque
679 1024 782 1073 facetus:

163 1107 276 1156 Pastillos
288 1110 392 1161 Rufillus
403 1111 464 1170 olet,
476 1110 614 1171 Gorgonius
625 1112 736 1162 hircum:

162 1197 204 1246 Nil
216 1197 323 1246 medium
333 1207 379 1246 cst.
392 1211 394 1216 ·
412 1199 476 1246 Sunt
486 1198 527 1258 qui
539 1199 620 1248 nolint
628 1199 745 1261 tetigisse,
756 1202 803 1250 nisi
815 1202 880 1263 illac,
930 1215 934 1220 ·
971 1229 973 1236 ·

163 1287 272 1340 Qumum
283 1287 382 1334 subsuta
392 1285 457 1334 talos
467 1293 531 1346 teget
540 1285 624 1336 instita
633 1296 713 1336 veste:
788 1273 791 1278 ¹

163 1373 256 1422 Contra
266 1373 327 1422 nlius
340 1374 444 1434 nullam,
455 1373 503 1422 nisi
513 1376 596 1424 olente
606 1376 632 1424 in
644 1376 737 1426 fornice
751 1386 863 1428 stentem.

67 1461 73 1468 '
161 1461 265 1515 Quidam
277 1469 349 1510 nouis
359 1461 434 1510 homo
444 1476 500 1510 cum
510 1459 588 1511 exiret
598 1464 690 1513 fornice
699 1485 708 1528 3
726 1468 806 1515 Mncte

160 1548 256 1598 Virtute
266 1558 329 1610 este,
341 1549 420 1612 inquit
430 1551 551 1600 cententia
559 1551 600 1600 dia
611 1553 719 1602 Catenis.

160 1639 225 1686 Nem
235 1637 308 1686 uimul
319 1652 346 1686 ac
356 1652 429 1687 venne
440 1639 533 1687 inflavit
544 1646 608 1688 tetre
616 1639 703 1702 libido,

162 1726 216 1774 lluc
223 1727 323 1786 juvenes
334 1741 431 1788 equum
442 1735 479 1775 eet
488 1727 643 1787 descendere,
655 1741 706 1776 nnn
717 1729 807 1777 alienes

161 1815 300 1862 Permolere
311 1827 408 1862 uxores.
442 1813 526 1862 Nolim
536 1814 667 1874 laudarier,
679 1815 767 1877 inquit,

161 1899 200 1950 Sic
211 1915 261 1961 me,
272 1901 373 1949 mirator
383 1884 458 1949 cunni
471 1900 619 1962 Cupiennius
631 1901 688 1950 albi.

160 1988 252 2037 Audire
263 1995 300 2036 est
308 2002 388 2050 cperae
400 1987 514 2050 pretinm,
525 1987 655 2049 procedere
665 1996 729 2036 recte

120 2062 124 2068 ¹
161 2075 210 2128 Qui
221 2075 321 2123 moechic
333 2089 383 2123 non
394 2074 478 2134 vincis,
488 2082 517 2122 ut
528 2074 596 2122 omni
606 2082 675 2136 parte
685 2077 814 2138 laborent;

162 2163 243 2223 thue
254 2161 304 2210 illis
314 2163 393 2210 multo
404 2168 518 2224 corrupta
527 2162 612 2210 dolore
622 2163 742 2225 voluptas,

161 2251 241 2312 Atque
251 2250 302 2298 haec
312 2264 369 2298 rara
377 2249 446 2298 cedat
456 2249 517 2298 dure
527 2248 592 2298 inter
603 2264 666 2312 saepe
676 2249 773 2312 pericle.

162 2337 209 2386 ilic
220 2351 246 2388 ce
257 2337 402 2401 precipitem
413 2345 477 2387 tecte
488 2337 566 2386 dedit:
583 2337 627 2386 ille
637 2337 739 2399 flagellis

161 2425 200 2474 Ad
211 2434 314 2475 mortem
324 2439 415 2475 oecuc:
432 2425 527 2487 lugiens
538 2425 578 2474 lnic
589 2425 678 2474 decidit
685 2439 767 2474 nerem

161 2511 306 2562 Praedonum
318 2512 343 2560 in
354 2513 463 2562 nubam:
480 2512 547 2562 dedit
556 2513 596 2562 hic
607 2527 651 2576 pro
661 2526 763 2576 corpore
773 2527 901 2564 nummos:

163 2600 234 2648 llunc
244 2599 428 2663 perminxerunt
437 2600 535 2649 eulonen
545 2620 551 2648 ε
568 2600 628 2662 quin
638 2599 711 2649 etiam
722 2600 784 2650 illud

162 2686 265 2746 Accidit,
275 2696 303 2736 ut
313 2687 411 2749 quidum
422 2695 495 2738 testes
505 2689 653 2751 caudamque
663 2691 766 2738 salacem

162 2774 298 2822 Demeteret
308 2775 409 2824 ferrum.
441 2777 503 2824 lure
513 2789 606 2825 omnes.
640 2777 718 2824 Galba
729 2777 837 2838 negabat.

161 2860 248 2908 'lutior
258 2869 284 2909 et
294 2871 383 2923 quanto
394 2877 464 2913 merx
475 2872 513 2912 est
523 2863 550 2912 in
561 2865 638 2912 deese
648 2863 768 2914 secunda!

162 2945 339 2996 libertinarum
350 2949 413 3009 dico,
425 2951 553 3000 Sallustius
565 2951 590 2998 in
603 2965 662 3012 quen

163 3035 220 3082 Non
231 3032 311 3081 minus
322 3033 422 3096 incenit,
433 3049 505 3097 quam
516 3037 557 3098 qui
569 3038 717 3085 moechatur:
734 3042 762 3083 at
769 3033 818 3095 hic,
830 3035 861 3095 ei,

163 3119 218 3171 Qun
227 3131 277 3178 ree,
290 3129 337 3178 qua
347 3116 409 3165 ratio
420 3119 541 3180 studeret,
552 3133 644 3181 quaque
655 3117 762 3166 modeste
