2400 3898
243 457 292 506 266
483 456 514 509 Q.
531 454 671 504 HORA'I'II
688 455 806 506 Fudccl

245 582 361 633 Liberum
371 588 396 630 et
406 588 523 643 erectum,
534 595 641 645 presens
651 583 764 633 hortatu
775 591 800 632 et
809 585 893 646 aptat?

245 668 318 725 Quod
327 669 349 718 si
359 683 399 718 me
408 671 512 732 populus
524 671 648 720 Romanus
659 673 723 719 forte
734 679 813 732 roget,
824 685 867 720 cur

245 759 314 818 Non,
326 765 354 808 ut
364 757 506 820 porticibus,
519 757 553 806 sic
561 758 659 818 iudiciis
670 760 737 808 fruor
748 757 841 820 isdem,

245 847 298 896 Nec
309 860 395 908 sequar
405 853 447 895 aut
458 845 559 906 fugium,
571 861 624 907 quae
635 846 714 907 diligit
723 846 775 909 ipse
784 847 822 894 vel
834 845 900 894 odit:

246 934 314 984 Olim
324 934 389 996 quod
398 935 481 996 vulpes
492 942 583 994 aegroto
594 942 665 982 ceute
675 934 741 982 leoni

219 1005 221 1010 ¹
246 1022 390 1086 Respondit,
402 1024 520 1072 referemr
538 1023 601 1077 Quia
611 1036 651 1070 me
660 1021 760 1083 vestigia
770 1029 864 1071 terrent

247 1111 339 1162 omnia
348 1119 373 1162 tc
383 1112 510 1161 adversum
521 1111 662 1174 spectantia,
673 1111 743 1160 nulle
753 1119 897 1163 retrorsum.

247 1201 324 1250 Belua
331 1201 465 1249 multorum
474 1214 500 1248 es
511 1199 631 1261 capitum:
649 1213 706 1248 num
718 1198 775 1260 quid
786 1203 889 1262 sequar?
903 1207 946 1250 aut
956 1215 1030 1264 quem
1039 1205 1050 1249 i

249 1292 308 1340 Pars
318 1289 448 1338 hominum
458 1289 530 1350 gestit
539 1288 674 1336 conducere
684 1287 781 1351 publicu
791 1309 796 1336 ι
814 1297 872 1338 sunt
881 1289 924 1351 qui

251 1372 346 1422 Onustis
356 1380 381 1421 et
392 1371 470 1435 pomis
481 1370 564 1420 viduus
575 1379 694 1420 venentur
705 1385 799 1432 avaras,

249 1461 424 1523 Excipientque
436 1476 516 1521 senes,
528 1476 589 1522 quos
600 1461 626 1510 in
638 1461 728 1510 vivaria
739 1462 851 1511 mittuntz

250 1548 338 1597 Multis
349 1549 444 1596 occulto
454 1547 540 1596 crescit
550 1561 589 1596 res
599 1549 701 1598 foenore.
734 1551 826 1598 Verum

250 1637 321 1696 Esto,
333 1635 387 1684 ullis
397 1634 464 1706 ulios,
471 1636 542 1684 rebus
553 1636 687 1698 studiisque
698 1637 793 1702 teneri3
820 1653 823 1662 ¹

184 1727 190 1740 ¹
251 1724 328 1772 lidem
338 1725 423 1774 eadem
433 1733 535 1788 possunt
545 1725 631 1774 horam
643 1725 731 1774 durare
741 1727 870 1789 probantes
880 1730 890 1776 Ξ

252 1813 341 1862 Nullus
353 1814 384 1862 in
391 1815 454 1862 orbe
460 1815 528 1864 sinus
539 1813 605 1863 Baiis
616 1815 732 1875 praelucet
742 1814 857 1876 ltmoenis,

253 1901 280 1950 si
290 1901 353 1952 dixit
363 1901 439 1964 dives,
450 1903 517 1952 lacus
528 1909 553 1952 et
564 1915 631 1950 mare
643 1901 718 1951 sentit
728 1916 836 1953 umorem

253 1991 398 2042 Festinantis
409 1993 479 2055 heri;
496 1992 535 2042 cui
545 1991 566 2042 sl
577 1991 665 2040 vitiose
674 1991 750 2041 libido

253 2080 346 2129 Fecerit
357 2081 499 2144 auspicium,
510 2095 563 2130 cras
574 2080 723 2128 ferramenta
734 2082 845 2129 Teanum

253 2167 367 2227 Tolletis,
378 2166 448 2215 fabri.
462 2216 466 2228 ί
481 2168 568 2216 nectus
579 2167 679 2228 geniuis
690 2167 717 2216 in
728 2168 784 2216 aula
794 2171 848 2218 est?

254 2253 297 2302 Nil
308 2254 343 2303 ait
353 2267 406 2302 esse
416 2254 494 2318 prius,
505 2255 593 2306 melius
605 2255 641 2304 nil
652 2255 739 2304 coelibe
749 2255 814 2318 vito,
841 2285 843 2292 ν

255 2341 282 2390 Si
293 2356 343 2391 non
355 2349 402 2403 est,
411 2345 480 2404 jurat
490 2345 551 2393 bene
563 2345 622 2394 solis
633 2359 687 2394 esse
698 2343 801 2393 maritis.
821 2344 824 2350 '

256 2431 311 2484 Quo
321 2436 417 2479 teneam
428 2434 509 2480 uultus
522 2441 655 2484 mutantem
668 2435 757 2481 Protea
767 2431 853 2481 nodo?

255 2516 320 2571 Quid
330 2521 438 2580 pauper?
456 2503 521 2566 ride:
539 2521 764 2581 mututcoenuculs,
775 2522 861 2580 lectos,

254 2606 357 2666 Balnea,
367 2612 496 2668 tonsores;
512 2606 632 2655 conducto
644 2606 738 2668 navigio
749 2622 817 2670 aeque

256 2696 364 2744 Nauseut
374 2707 402 2742 ac
411 2695 531 2758 locuples,
543 2699 617 2758 q'uem,
626 2694 692 2744 ducit
702 2694 771 2757 priva
781 2693 895 2743 triremis.

256 2781 283 2832 Si
294 2789 403 2832 urrtanrs
413 2782 528 2846 inequnli
537 2783 752 2846 tonsore,cepillor

220 2858 221 2862 ’
257 2870 457 2932 οωιπι,ιιιωι
475 2871 779 2935 siemundum

255 2959 326 3008 'liitu
333 2960 415 3009 subest
424 2960 524 3022 tunicae,
535 2963 573 3010 vel
585 2961 607 3010 si
614 2968 671 3024 toga
681 2960 782 3010 dissidet
792 2959 880 3024 impar,
892 2966 900 2998 ἵ

158 3093 162 3102 ,
257 3045 338 3096 Rides.
372 3046 447 3110 Quid,
459 3063 514 3099 mee
519 3064 574 3098 cum
586 3056 677 3111 pugnat
687 3048 808 3098 sententia
819 3061 900 3100 ecum
910 3050 920 3096 l
