2438 3860
382 535 566 591 CARMINUM
580 535 648 583 LIB.
666 533 708 580 IV.
724 529 758 579 iX.

303 675 370 731 Non,
382 669 403 718 si
413 667 507 732 priores
518 662 640 714 Maeonius
651 667 718 709 tenet

303 761 375 810 sedes
387 759 519 814 Homerus,
531 745 664 801 Pindaricae
673 749 760 805 latent,

335 850 437 908 Ceoeque
447 851 472 893 et
482 840 558 892 Alcaei
570 839 688 896 minaces,

368 931 547 991 Stesichorique
558 939 640 988 graves
652 923 783 972 Cemoenae.

306 1110 368 1166 Nec,
380 1106 401 1154 si
412 1102 470 1166 quiri
480 1100 541 1150 olim
551 1097 612 1146 lusit
623 1098 762 1152 Anacreon,

307 1192 402 1244 Delevit
412 1197 485 1238 πται
503 1185 579 1248 spirat
589 1183 667 1232 adhuc
678 1193 757 1239 emor,

339 1279 478 1337 Virumque
488 1270 612 1322 commissi
623 1271 715 1320 calores

371 1363 459 1414 AEoliae'
471 1362 558 1411 fidibus
569 1359 664 1423 puellae.

310 1544 367 1589 Non
379 1539 432 1588 sols
442 1542 535 1586 comtos
546 1532 606 1582 arsit
617 1529 721 1580 adulteri

311 1629 407 1689 Crines,
419 1635 537 1676 eteorum
548 1621 654 1671 vestibus
666 1617 757 1667 illitum

341 1715 442 1774 Minuta,
453 1713 591 1773 regalesque
603 1708 694 1766 cuitus,

374 1803 408 1850 Et
418 1799 530 1859 comites,
542 1797 635 1844 Helene
646 1794 763 1850 Lacena3

314 1972 440 2023 Primusve
450 1971 543 2016 Teucer
553 1966 604 2014 tela
616 1961 725 2026 cydonio

313 2057 410 2109 Direxit
421 2070 495 2115 arcu3
512 2067 562 2101 non
575 2052 649 2100 semei
662 2049 721 2097 Ilios

347 2147 453 2193 Vexata:
470 2153 521 2188 non
533 2137 647 2201 pugnavit
657 2136 741 2196 ingens

378 2233 522 2281 idomeneus
533 2228 692 2278 Sthenelusve
702 2225 769 2274 solus

315 2404 423 2456 Dicendo
433 2401 512 2452 Musis
522 2399 626 2464 proelis;
642 2412 693 2447 non
705 2398 775 2445 ferox

319 2497 419 2554 Hector,
427 2493 465 2541 vei
476 2501 531 2540 acer
542 2487 681 2550 Deiphobus
693 2497 775 2548 graves

349 2581 452 2644 Excepit
462 2580 523 2630 ictus
534 2592 579 2641 pro
591 2574 683 2640 pudicis

383 2668 530 2730 Coniugibus
541 2665 670 2729 puerisque
680 2661 782 2725 primus.

318 2844 407 2894 erero
419 2843 493 2890 forres
501 2845 561 2888 unte
573 2838 756 2896 Agamemnona

320 2931 411 2993 Multi;
428 2929 471 2978 sed
482 2941 567 2978 omnes
578 2921 757 2973 illacrimabiles

353 3021 494 3079 Urguentur
504 3013 628 3076 ignotique
639 3013 712 3070 ionga

346 3093 349 3102 ¹
386 3107 473 3164 Nocte,
485 3099 634 3162 carentquis
643 3103 697 3145 vete
706 3105 783 3142 sacro.
