2438 3860
355 551 538 613 assumunt
557 565 619 614 nra.
637 565 681 614 111.
697 564 764 614 niv.
915 568 958 614 ιιι

260 691 285 740 Si
297 700 387 753 quaeret
398 705 479 740 raras
490 705 594 741 unsrun
855 757 861 768 ἱ

293 779 416 828 Subscribi
427 780 523 841 statuis,
536 780 680 832 indomitam
692 782 779 832 audeat

262 867 392 916 Refrenare
403 867 536 928 licentiam,

294 958 382 1006 Clanis
393 957 549 1020 postgenitis:
567 965 685 1017 quatenus
701 959 759 1020 (heu
771 960 838 1007 nefas
848 957 866 1020 l)

260 1045 382 1094 Virtutem
393 1045 541 1095 incolumem
553 1045 659 1106 odimus,

293 1135 418 1190 Sublatam
430 1149 460 1183 ex
472 1134 549 1183 oculis
561 1135 691 1195 querimus
704 1134 786 1183 invidi.
840 1128 842 1132 ’

262 1222 328 1277 Quid
338 1223 420 1272 tristes
432 1224 600 1284 querimonia,

295 1311 321 1362 Si
333 1327 383 1361 non
395 1312 512 1375 supplicio
524 1315 595 1376 culpa
605 1315 738 1365 reciditur?

264 1401 329 1454 Quid
339 1404 414 1462 leges,
427 1401 479 1450 sine
491 1403 599 1453 moribus

295 1495 380 1556 Vanae,
393 1495 533 1558 proficiunt,
546 1497 567 1545 si
578 1512 656 1560 nsque
667 1497 765 1546 fervidis

265 1585 323 1632 Pars
334 1583 428 1633 inclusa
438 1586 559 1639 caloribus

244 1670 248 1680 '
297 1671 395 1733 Mundi,
406 1687 451 1722 nec
461 1676 546 1724 Boreoe
558 1675 691 1725 finitimum
702 1677 776 1737 latus,

265 1761 409 1822 Daretaque
420 1763 473 1810 solo
485 1762 551 1810 nives

297 1850 458 1896 Mercatorem
470 1849 585 1910 abigunt?
604 1850 704 1899 horrida
714 1852 795 1899 callidi

265 1936 373 1985 Vincunt
383 1949 481 1997 aequora
492 1937 578 1984 navitae
588 1939 597 1984 ἓ

298 2025 421 2072 Mscnun
433 2023 559 2084 pauperies
572 2024 730 2086 opprobrium
739 2026 808 2084 jubet

268 2111 368 2168 Quidvis
380 2119 405 2159 et
415 2113 494 2159 facere
505 2119 530 2159 et
540 2110 600 2172 pati,

300 2200 450 2262 Virtutisque
461 2198 525 2247 viam
537 2197 626 2247 deserit
636 2198 726 2247 arduae.

268 2291 314 2339 Vel
325 2303 371 2337 nos
383 2287 408 2336 in
422 2287 580 2350 Capitolium,

304 2381 362 2433 Quo
371 2379 463 2426 clamor
474 2385 543 2426 vocat
554 2385 578 2425 et
590 2378 660 2426 turba
671 2377 814 2437 faventium,

269 2469 314 2518 Vel
326 2463 371 2515 nos
383 2466 409 2514 in
421 2481 487 2516 mare
498 2467 638 2528 proximum

302 2557 426 2615 Gemmas,
438 2562 463 2604 et
474 2555 575 2618 lapides,
588 2569 674 2604 aurum
685 2563 711 2605 et
721 2540 818 2616 inutile,

271 2643 365 2694 Summi
376 2644 502 2693 materiem
514 2642 584 2703 mali,
613 2643 616 2646 ’

303 2732 441 2792 Mittamus,
452 2733 570 2780 scelerum
582 2730 603 2779 si
614 2732 675 2780 bene
685 2731 795 2793 poenitet.

272 2821 399 2870 Eradenda
409 2819 527 2883 cupidinis
650 2825 652 2832 '
862 2803 865 2808 ¹

305 2909 375 2957 Pravi
386 2917 444 2957 sunt
454 2910 588 2970 elementa3
606 2915 630 2957 et
640 2915 730 2956 teneras
741 2906 816 2956 nimis

274 3000 370 3050 Mentes
381 2997 543 3060 asperioribus

306 3085 449 3135 Formandae
459 3085 553 3136 studiis.
585 3085 670 3144 Nescit
681 3099 744 3146 equo
755 3085 821 3134 rudis
