<?xml version="1.0" encoding="UTF-8"?>
<!DOCTYPE html PUBLIC "-//W3C//DTD XHTML 1.0 Transitional//EN"
    "http://www.w3.org/TR/xhtml1/DTD/xhtml1-transitional.dtd">
<html xmlns="http://www.w3.org/1999/xhtml" xml:lang="en" lang="en">
 <head>
  <title>
</title>
<meta http-equiv="Content-Type" content="text/html;charset=utf-8" />
  <meta name='ocr-system' content='tesseract 3.04.00' />
  <meta name='ocr-capabilities' content='ocr_page ocr_carea ocr_par ocr_line ocrx_word'/>
</head>
<body>
  <div class='ocr_page' id='page_1' title='image "./opera00gesngoog_0011.png"; bbox 0 0 2396 3866; ppageno 0'>
   <div class='ocr_carea' id='block_1_1' title="bbox 490 566 811 640">
    <p class='ocr_par' dir='ltr' id='par_1_1' title="bbox 490 566 811 640">
     <span class='ocr_line' id='line_1_1' title="bbox 490 566 811 640; baseline -0.009 0"><span class='ocrx_word' id='word_1_1' title='bbox 490 589 521 640; x_wconf 81' lang='lat' dir='ltr'><strong>u.</strong></span> <span class='ocrx_word' id='word_1_2' title='bbox 539 566 677 636; x_wconf 74' lang='lat' dir='ltr'><strong>uoaami</strong></span> <span class='ocrx_word' id='word_1_3' title='bbox 694 589 811 637; x_wconf 77' lang='lat' dir='ltr'><strong>amem</strong></span> 
     </span>
    </p>
   </div>
   <div class='ocr_carea' id='block_1_2' title="bbox 341 712 911 2772">
    <p class='ocr_par' dir='ltr' id='par_1_2' title="bbox 341 712 832 1216">
     <span class='ocr_line' id='line_1_2' title="bbox 342 712 832 778; baseline 0.006 -18"><span class='ocrx_word' id='word_1_4' title='bbox 342 715 472 774; x_wconf 86' lang='lat' dir='ltr'><strong>Nunquam</strong></span> <span class='ocrx_word' id='word_1_5' title='bbox 483 712 616 774; x_wconf 74' lang='lat' dir='ltr'>dimoveas,</span> <span class='ocrx_word' id='word_1_6' title='bbox 627 721 655 762; x_wconf 83' lang='lat' dir='ltr'><strong>ut</strong></span> <span class='ocrx_word' id='word_1_7' title='bbox 665 715 733 763; x_wconf 82' lang='lat' dir='ltr'><strong>trabe</strong></span> <span class='ocrx_word' id='word_1_8' title='bbox 745 715 832 778; x_wconf 84' lang='lat' dir='ltr'><strong>Cypria</strong></span> 
     </span>
     <span class='ocr_line' id='line_1_3' title="bbox 341 791 820 862; baseline 0.006 -14"><span class='ocrx_word' id='word_1_9' title='bbox 341 802 465 862; x_wconf 83' lang='lat' dir='ltr'><strong>Myrtoum</strong></span> <span class='ocrx_word' id='word_1_10' title='bbox 475 791 575 862; x_wconf 63' lang='lat' dir='ltr'><strong>pavidu‘a</strong></span> <span class='ocrx_word' id='word_1_11' title='bbox 586 810 661 850; x_wconf 80' lang='lat' dir='ltr'><strong>naute</strong></span> <span class='ocrx_word' id='word_1_12' title='bbox 671 810 736 851; x_wconf 76' lang='lat' dir='ltr'><strong>aeoet</strong></span> <span class='ocrx_word' id='word_1_13' title='bbox 746 817 820 851; x_wconf 87' lang='lat' dir='ltr'><strong>mare.</strong></span> 
     </span>
     <span class='ocr_line' id='line_1_4' title="bbox 342 887 825 939; baseline 0.006 -3"><span class='ocrx_word' id='word_1_14' title='bbox 342 889 485 936; x_wconf 82' lang='lat' dir='ltr'><strong>Luctantem</strong></span> <span class='ocrx_word' id='word_1_15' title='bbox 497 887 579 938; x_wconf 87' lang='lat' dir='ltr'><strong>leariia</strong></span> <span class='ocrx_word' id='word_1_16' title='bbox 590 889 703 938; x_wconf 75' lang='lat' dir='ltr'><strong>fluetibus</strong></span> <span class='ocrx_word' id='word_1_17' title='bbox 714 889 825 939; x_wconf 78' lang='lat' dir='ltr'><strong>Africum</strong></span> 
     </span>
     <span class='ocr_line' id='line_1_5' title="bbox 343 977 818 1039; baseline 0.004 -15"><span class='ocrx_word' id='word_1_18' title='bbox 343 977 465 1024; x_wconf 79' lang='lat' dir='ltr'><strong>Mercator</strong></span> <span class='ocrx_word' id='word_1_19' title='bbox 476 983 596 1037; x_wconf 72' lang='lat' dir='ltr'><strong>metuens,</strong></span> <span class='ocrx_word' id='word_1_20' title='bbox 608 977 686 1026; x_wconf 81' lang='lat' dir='ltr'><strong>otium</strong></span> <span class='ocrx_word' id='word_1_21' title='bbox 701 984 725 1026; x_wconf 85' lang='lat' dir='ltr'><strong>et</strong></span> <span class='ocrx_word' id='word_1_22' title='bbox 736 977 818 1039; x_wconf 86' lang='lat' dir='ltr'><strong>oppidi</strong></span> 
     </span>
     <span class='ocr_line' id='line_1_6' title="bbox 343 1063 808 1113; baseline 0 -1"><span class='ocrx_word' id='word_1_23' title='bbox 343 1063 436 1112; x_wconf 81' lang='lat' dir='ltr'><strong>Laudat</strong></span> <span class='ocrx_word' id='word_1_24' title='bbox 446 1077 505 1112; x_wconf 84' lang='lat' dir='ltr'><strong>rura</strong></span> <span class='ocrx_word' id='word_1_25' title='bbox 515 1064 568 1112; x_wconf 89' lang='lat' dir='ltr'><strong>aui:</strong></span> <span class='ocrx_word' id='word_1_26' title='bbox 586 1079 645 1112; x_wconf 85' lang='lat' dir='ltr'><strong>mox</strong></span> <span class='ocrx_word' id='word_1_27' title='bbox 656 1064 734 1113; x_wconf 79' lang='lat' dir='ltr'><strong>reficit</strong></span> <span class='ocrx_word' id='word_1_28' title='bbox 743 1072 808 1113; x_wconf 84' lang='lat' dir='ltr'><strong>rates</strong></span> 
     </span>
     <span class='ocr_line' id='line_1_7' title="bbox 345 1150 803 1216; baseline 0.002 -17"><span class='ocrx_word' id='word_1_29' title='bbox 345 1151 461 1211; x_wconf 80' lang='lat' dir='ltr'><strong>Quaaaaa,</strong></span> <span class='ocrx_word' id='word_1_30' title='bbox 472 1150 584 1200; x_wconf 78' lang='lat' dir='ltr'>indocilis</span> <span class='ocrx_word' id='word_1_31' title='bbox 595 1151 734 1216; x_wconf 81' lang='lat' dir='ltr'><strong>pauperiem</strong></span> <span class='ocrx_word' id='word_1_32' title='bbox 744 1151 803 1214; x_wconf 80' lang='lat' dir='ltr'><strong>pati.</strong></span> 
     </span>
    </p>

    <p class='ocr_par' dir='ltr' id='par_1_3' title="bbox 344 1237 813 1302">
     <span class='ocr_line' id='line_1_8' title="bbox 344 1237 813 1302; baseline 0 -16"><span class='ocrx_word' id='word_1_33' title='bbox 344 1238 389 1286; x_wconf 83' lang='lat' dir='ltr'><strong>Est</strong></span> <span class='ocrx_word' id='word_1_34' title='bbox 399 1237 441 1299; x_wconf 91' lang='lat' dir='ltr'><strong>qui</strong></span> <span class='ocrx_word' id='word_1_35' title='bbox 452 1253 496 1288; x_wconf 86' lang='lat' dir='ltr'><strong>nec</strong></span> <span class='ocrx_word' id='word_1_36' title='bbox 507 1239 594 1288; x_wconf 81' lang='lat' dir='ltr'><strong>veteris</strong></span> <span class='ocrx_word' id='word_1_37' title='bbox 605 1240 694 1302; x_wconf 84' lang='lat' dir='ltr'><strong>pocula</strong></span> <span class='ocrx_word' id='word_1_38' title='bbox 704 1237 813 1298; x_wconf 77' lang='lat' dir='ltr'>Massici,</span> 
     </span>
    </p>

    <p class='ocr_par' dir='ltr' id='par_1_4' title="bbox 347 1325 892 1997">
     <span class='ocr_line' id='line_1_9' title="bbox 347 1325 790 1386; baseline 0.009 -15"><span class='ocrx_word' id='word_1_39' title='bbox 347 1325 398 1372; x_wconf 87' lang='lat' dir='ltr'><strong>Nec</strong></span> <span class='ocrx_word' id='word_1_40' title='bbox 408 1327 501 1386; x_wconf 60' lang='lat' dir='ltr'><strong>partem</strong></span> <span class='ocrx_word' id='word_1_41' title='bbox 512 1325 591 1373; x_wconf 82' lang='lat' dir='ltr'><strong>solido</strong></span> <span class='ocrx_word' id='word_1_42' title='bbox 602 1326 698 1375; x_wconf 85' lang='lat' dir='ltr'><strong>demere</strong></span> <span class='ocrx_word' id='word_1_43' title='bbox 710 1326 740 1375; x_wconf 86' lang='lat' dir='ltr'><strong>de</strong></span> <span class='ocrx_word' id='word_1_44' title='bbox 751 1325 790 1374; x_wconf 89' lang='lat' dir='ltr'><strong>die</strong></span> 
     </span>
     <span class='ocr_line' id='line_1_10' title="bbox 347 1409 886 1470; baseline 0.009 -12"><span class='ocrx_word' id='word_1_45' title='bbox 347 1409 455 1470; x_wconf 83' lang='lat' dir='ltr'>Spernit,</span> <span class='ocrx_word' id='word_1_46' title='bbox 467 1423 532 1458; x_wconf 87' lang='lat' dir='ltr'><strong>nunc</strong></span> <span class='ocrx_word' id='word_1_47' title='bbox 543 1411 614 1458; x_wconf 87' lang='lat' dir='ltr'>viridi</span> <span class='ocrx_word' id='word_1_48' title='bbox 625 1414 734 1460; x_wconf 83' lang='lat' dir='ltr'><strong>membra</strong></span> <span class='ocrx_word' id='word_1_49' title='bbox 744 1415 790 1461; x_wconf 77' lang='lat' dir='ltr'><strong>sub</strong></span> <span class='ocrx_word' id='word_1_50' title='bbox 800 1415 886 1462; x_wconf 82' lang='lat' dir='ltr'><strong>arbuto</strong></span> 
     </span>
     <span class='ocr_line' id='line_1_11' title="bbox 348 1489 892 1562; baseline 0.004 -16"><span class='ocrx_word' id='word_1_51' title='bbox 348 1489 453 1558; x_wconf 75' lang='lat' dir='ltr'><strong>Struma,</strong></span> <span class='ocrx_word' id='word_1_52' title='bbox 465 1513 530 1546; x_wconf 87' lang='lat' dir='ltr'><strong>nunc</strong></span> <span class='ocrx_word' id='word_1_53' title='bbox 541 1498 572 1548; x_wconf 87' lang='lat' dir='ltr'><strong>ad</strong></span> <span class='ocrx_word' id='word_1_54' title='bbox 583 1513 650 1560; x_wconf 76' lang='lat' dir='ltr'><strong>aquae</strong></span> <span class='ocrx_word' id='word_1_55' title='bbox 662 1501 716 1548; x_wconf 92' lang='lat' dir='ltr'><strong>lene</strong></span> <span class='ocrx_word' id='word_1_56' title='bbox 727 1508 799 1562; x_wconf 82' lang='lat' dir='ltr'><strong>eaput</strong></span> <span class='ocrx_word' id='word_1_57' title='bbox 810 1515 892 1550; x_wconf 77' lang='lat' dir='ltr'><strong>sacra.</strong></span> 
     </span>
     <span class='ocr_line' id='line_1_12' title="bbox 349 1585 819 1646; baseline 0.004 -14"><span class='ocrx_word' id='word_1_58' title='bbox 349 1585 443 1633; x_wconf 84' lang='lat' dir='ltr'><strong>Multos</strong></span> <span class='ocrx_word' id='word_1_59' title='bbox 453 1592 532 1633; x_wconf 78' lang='lat' dir='ltr'><strong>castra</strong></span> <span class='ocrx_word' id='word_1_60' title='bbox 539 1587 635 1646; x_wconf 79' lang='lat' dir='ltr'><strong>Juvant,</strong></span> <span class='ocrx_word' id='word_1_61' title='bbox 647 1593 672 1634; x_wconf 80' lang='lat' dir='ltr'><strong>et</strong></span> <span class='ocrx_word' id='word_1_62' title='bbox 681 1585 743 1634; x_wconf 80' lang='lat' dir='ltr'><strong>lituo</strong></span> <span class='ocrx_word' id='word_1_63' title='bbox 754 1587 819 1634; x_wconf 64' lang='lat' dir='ltr'><strong>tubae</strong></span> 
     </span>
     <span class='ocr_line' id='line_1_13' title="bbox 350 1669 850 1734; baseline 0.004 -16"><span class='ocrx_word' id='word_1_64' title='bbox 350 1669 483 1719; x_wconf 79' lang='lat' dir='ltr'><strong>Permiauu</strong></span> <span class='ocrx_word' id='word_1_65' title='bbox 495 1671 599 1732; x_wconf 79' lang='lat' dir='ltr'><strong>eonium,</strong></span> <span class='ocrx_word' id='word_1_66' title='bbox 610 1672 721 1734; x_wconf 84' lang='lat' dir='ltr'><strong>bellaque</strong></span> <span class='ocrx_word' id='word_1_67' title='bbox 732 1672 850 1720; x_wconf 76' lang='lat' dir='ltr'><strong>matrimus</strong></span> 
     </span>
     <span class='ocr_line' id='line_1_14' title="bbox 351 1759 825 1821; baseline 0.004 -15"><span class='ocrx_word' id='word_1_68' title='bbox 351 1760 481 1808; x_wconf 57' lang='lat' dir='ltr'><strong>&amp;metata</strong></span> <span class='ocrx_word' id='word_1_69' title='bbox 514 1761 599 1808; x_wconf 78' lang='lat' dir='ltr'><strong>Manet</strong></span> <span class='ocrx_word' id='word_1_70' title='bbox 609 1762 655 1808; x_wconf 85' lang='lat' dir='ltr'><strong>aub</strong></span> <span class='ocrx_word' id='word_1_71' title='bbox 665 1763 727 1810; x_wconf 84' lang='lat' dir='ltr'>Jove</span> <span class='ocrx_word' id='word_1_72' title='bbox 738 1759 825 1821; x_wconf 74' lang='lat' dir='ltr'>frigido</span> 
     </span>
     <span class='ocr_line' id='line_1_15' title="bbox 351 1847 841 1908; baseline 0.008 -16"><span class='ocrx_word' id='word_1_73' title='bbox 351 1847 468 1906; x_wconf 84' lang='lat' dir='ltr'><strong>Venator,</strong></span> <span class='ocrx_word' id='word_1_74' title='bbox 479 1853 568 1895; x_wconf 76' lang='lat' dir='ltr'><strong>tenera</strong></span> <span class='ocrx_word' id='word_1_75' title='bbox 579 1847 687 1908; x_wconf 75' lang='lat' dir='ltr'><strong>conjugia</strong></span> <span class='ocrx_word' id='word_1_76' title='bbox 698 1847 841 1897; x_wconf 85' lang='lat' dir='ltr'><strong>immemor:</strong></span> 
     </span>
     <span class='ocr_line' id='line_1_16' title="bbox 353 1931 827 1997; baseline 0.006 -17"><span class='ocrx_word' id='word_1_77' title='bbox 353 1933 401 1981; x_wconf 88' lang='lat' dir='ltr'><strong>Seu</strong></span> <span class='ocrx_word' id='word_1_78' title='bbox 412 1931 464 1982; x_wconf 84' lang='lat' dir='ltr'><strong>visa</strong></span> <span class='ocrx_word' id='word_1_79' title='bbox 474 1940 511 1982; x_wconf 82' lang='lat' dir='ltr'><strong>est</strong></span> <span class='ocrx_word' id='word_1_80' title='bbox 521 1934 607 1982; x_wconf 76' lang='lat' dir='ltr'><strong>catulis</strong></span> <span class='ocrx_word' id='word_1_81' title='bbox 619 1948 689 1984; x_wconf 84' lang='lat' dir='ltr'><strong>cerva</strong></span> <span class='ocrx_word' id='word_1_82' title='bbox 699 1935 827 1997; x_wconf 83' lang='lat' dir='ltr'><strong>fidelibua;</strong></span> 
     </span>
    </p>

    <p class='ocr_par' dir='ltr' id='par_1_5' title="bbox 354 2019 911 2772">
     <span class='ocr_line' id='line_1_17' title="bbox 354 2019 854 2086; baseline 0.004 -18"><span class='ocrx_word' id='word_1_83' title='bbox 354 2021 402 2068; x_wconf 86' lang='lat' dir='ltr'><strong>Seu</strong></span> <span class='ocrx_word' id='word_1_84' title='bbox 413 2019 479 2083; x_wconf 81' lang='lat' dir='ltr'><strong>rupit</strong></span> <span class='ocrx_word' id='word_1_85' title='bbox 489 2027 576 2070; x_wconf 73' lang='lat' dir='ltr'><strong>teretea</strong></span> <span class='ocrx_word' id='word_1_86' title='bbox 588 2025 685 2072; x_wconf 74' lang='lat' dir='ltr'><strong>Marsua</strong></span> <span class='ocrx_word' id='word_1_87' title='bbox 697 2038 754 2086; x_wconf 86' lang='lat' dir='ltr'><strong>aper</strong></span> <span class='ocrx_word' id='word_1_88' title='bbox 764 2025 854 2086; x_wconf 76' lang='lat' dir='ltr'><strong>plagae.</strong></span> 
     </span>
     <span class='ocr_line' id='line_1_18' title="bbox 354 2108 876 2174; baseline 0.008 -18"><span class='ocrx_word' id='word_1_89' title='bbox 354 2110 396 2157; x_wconf 91' lang='lat' dir='ltr'><strong>Me</strong></span> <span class='ocrx_word' id='word_1_90' title='bbox 407 2108 531 2158; x_wconf 80' lang='lat' dir='ltr'><strong>doctamm</strong></span> <span class='ocrx_word' id='word_1_91' title='bbox 543 2110 637 2159; x_wconf 78' lang='lat' dir='ltr'><strong>hedera</strong></span> <span class='ocrx_word' id='word_1_92' title='bbox 648 2111 748 2174; x_wconf 80' lang='lat' dir='ltr'><strong>praemia</strong></span> <span class='ocrx_word' id='word_1_93' title='bbox 758 2111 876 2162; x_wconf 67' lang='lat' dir='ltr'><strong>standum</strong></span> 
     </span>
     <span class='ocr_line' id='line_1_19' title="bbox 354 2195 911 2258; baseline 0.009 -15"><span class='ocrx_word' id='word_1_94' title='bbox 354 2195 397 2243; x_wconf 84' lang='lat' dir='ltr'><strong>Die</strong></span> <span class='ocrx_word' id='word_1_95' title='bbox 409 2195 511 2245; x_wconf 78' lang='lat' dir='ltr'><strong>miscent</strong></span> <span class='ocrx_word' id='word_1_96' title='bbox 522 2197 629 2258; x_wconf 74' lang='lat' dir='ltr'><strong>superis:</strong></span> <span class='ocrx_word' id='word_1_97' title='bbox 648 2211 687 2245; x_wconf 91' lang='lat' dir='ltr'><strong>me</strong></span> <span class='ocrx_word' id='word_1_98' title='bbox 698 2199 804 2258; x_wconf 78' lang='lat' dir='ltr'><strong>gelidum</strong></span> <span class='ocrx_word' id='word_1_99' title='bbox 815 2213 911 2258; x_wconf 81' lang='lat' dir='ltr'><strong>nemus,</strong></span> 
     </span>
     <span class='ocr_line' id='line_1_20' title="bbox 356 2283 893 2344; baseline 0.002 -15"><span class='ocrx_word' id='word_1_100' title='bbox 356 2283 570 2344; x_wconf 78' lang='lat' dir='ltr'><strong>Nympharumque</strong></span> <span class='ocrx_word' id='word_1_101' title='bbox 580 2283 644 2329; x_wconf 78' lang='lat' dir='ltr'><strong>leves</strong></span> <span class='ocrx_word' id='word_1_102' title='bbox 656 2295 711 2330; x_wconf 87' lang='lat' dir='ltr'><strong>cum</strong></span> <span class='ocrx_word' id='word_1_103' title='bbox 724 2283 814 2344; x_wconf 79' lang='lat' dir='ltr'><strong>Satyris</strong></span> <span class='ocrx_word' id='word_1_104' title='bbox 825 2285 893 2332; x_wconf 83' lang='lat' dir='ltr'><strong>chori</strong></span> 
     </span>
     <span class='ocr_line' id='line_1_21' title="bbox 357 2367 814 2429; baseline 0.002 -13"><span class='ocrx_word' id='word_1_105' title='bbox 357 2367 491 2416; x_wconf 79' lang='lat' dir='ltr'><strong>Secernunt</strong></span> <span class='ocrx_word' id='word_1_106' title='bbox 501 2368 605 2429; x_wconf 85' lang='lat' dir='ltr'><strong>populo:</strong></span> <span class='ocrx_word' id='word_1_107' title='bbox 623 2367 644 2415; x_wconf 83' lang='lat' dir='ltr'><strong>ai</strong></span> <span class='ocrx_word' id='word_1_108' title='bbox 656 2381 733 2429; x_wconf 90' lang='lat' dir='ltr'><strong>neque</strong></span> <span class='ocrx_word' id='word_1_109' title='bbox 744 2369 814 2418; x_wconf 82' lang='lat' dir='ltr'><strong>tibias</strong></span> 
     </span>
     <span class='ocr_line' id='line_1_22' title="bbox 357 2455 806 2520; baseline 0.004 -16"><span class='ocrx_word' id='word_1_110' title='bbox 357 2457 463 2518; x_wconf 77' lang='lat' dir='ltr'><strong>Euterpe</strong></span> <span class='ocrx_word' id='word_1_111' title='bbox 473 2455 579 2517; x_wconf 77' lang='lat' dir='ltr'><strong>cohibet,</strong></span> <span class='ocrx_word' id='word_1_112' title='bbox 591 2470 636 2504; x_wconf 87' lang='lat' dir='ltr'><strong>nec</strong></span> <span class='ocrx_word' id='word_1_113' title='bbox 648 2456 806 2520; x_wconf 81' lang='lat' dir='ltr'><strong>Polyhymnia</strong></span> 
     </span>
     <span class='ocr_line' id='line_1_23' title="bbox 358 2543 815 2604; baseline 0.004 -12"><span class='ocrx_word' id='word_1_114' title='bbox 358 2545 478 2593; x_wconf 74' lang='lat' dir='ltr'><strong>Lesboum</strong></span> <span class='ocrx_word' id='word_1_115' title='bbox 489 2543 577 2604; x_wconf 75' lang='lat' dir='ltr'><strong>refugit</strong></span> <span class='ocrx_word' id='word_1_116' title='bbox 587 2544 685 2593; x_wconf 83' lang='lat' dir='ltr'><strong>tendere</strong></span> <span class='ocrx_word' id='word_1_117' title='bbox 695 2545 815 2595; x_wconf 81' lang='lat' dir='ltr'><strong>barbiton.</strong></span> 
     </span>
     <span class='ocr_line' id='line_1_24' title="bbox 359 2631 815 2695; baseline 0.007 -16"><span class='ocrx_word' id='word_1_118' title='bbox 359 2631 431 2686; x_wconf 84' lang='lat' dir='ltr'><strong>Quod</strong></span> <span class='ocrx_word' id='word_1_119' title='bbox 442 2631 463 2680; x_wconf 85' lang='lat' dir='ltr'><strong>ai</strong></span> <span class='ocrx_word' id='word_1_120' title='bbox 474 2646 513 2681; x_wconf 87' lang='lat' dir='ltr'><strong>me</strong></span> <span class='ocrx_word' id='word_1_121' title='bbox 523 2631 604 2694; x_wconf 72' lang='lat' dir='ltr'><strong>lyiicia</strong></span> <span class='ocrx_word' id='word_1_122' title='bbox 616 2631 708 2682; x_wconf 74' lang='lat' dir='ltr'><strong>vatibus</strong></span> <span class='ocrx_word' id='word_1_123' title='bbox 719 2633 815 2695; x_wconf 83' lang='lat' dir='ltr'>inseris,</span> 
     </span>
     <span class='ocr_line' id='line_1_25' title="bbox 361 2719 757 2772; baseline 0.005 -2"><span class='ocrx_word' id='word_1_124' title='bbox 361 2719 464 2770; x_wconf 89' lang='lat' dir='ltr'><strong>Sublimi</strong></span> <span class='ocrx_word' id='word_1_125' title='bbox 476 2721 561 2772; x_wconf 82' lang='lat' dir='ltr'><strong>feriam</strong></span> <span class='ocrx_word' id='word_1_126' title='bbox 573 2721 651 2772; x_wconf 85' lang='lat' dir='ltr'><strong>sidera</strong></span> <span class='ocrx_word' id='word_1_127' title='bbox 662 2721 757 2772; x_wconf 79' lang='lat' dir='ltr'><strong>vertice.</strong></span> 
     </span>
    </p>
   </div>
   <div class='ocr_carea' id='block_1_3' title="bbox 0 0 1237 3866">
    <p class='ocr_par' dir='ltr' id='par_1_6' title="bbox 0 0 1237 3866">
     <span class='ocr_line' id='line_1_26' title="bbox 0 0 1237 3866; baseline 0 0"><span class='ocrx_word' id='word_1_128' title='bbox 0 0 1237 3866; x_wconf 95' lang='lat' dir='ltr'><strong> </strong></span> 
     </span>
    </p>
   </div>
  </div>
 </body>
</html>
