2400 3898
239 538 287 584 ³04
480 537 510 586 Q·
529 533 668 584 HORA'l'll
680 534 798 584 Fusccl

241 663 354 724 Notaque
364 661 431 709 fatali
444 668 556 722 portenta
566 662 649 710 labore
660 662 763 724 subegit,

241 749 365 812 Comperit
377 748 493 796 invidiam
505 762 619 810 supremo
630 749 679 797 fine
690 749 792 798 domari

240 838 298 888 Urit
307 838 373 886 enim
385 838 480 898 fulgore
491 851 546 896 suo,
558 837 601 899 qui
612 845 746 899 praegravat
756 845 820 886 arms

239 929 307 976 infra
318 943 343 976 se
355 926 458 990 positas:
476 927 597 975 extinctus
608 926 728 974 amabitur
739 925 812 975 idean.

240 1017 357 1066 Praesenti
368 1016 411 1065 tibi
423 1025 531 1065 maturos
542 1015 659 1076 largimur
669 1015 786 1074 honores,

238 1105 409 1167 iurandasqne
419 1113 488 1154 urum
500 1119 543 1167 per
555 1117 645 1152 nomen
655 1102 768 1165 ponimns
780 1115 844 1162 aras,

239 1195 282 1243 Nil
295 1193 416 1242 oriturum
427 1193 497 1250 alias,
510 1191 546 1239 nil
557 1199 639 1239 ortum
651 1191 699 1240 tale
710 1191 821 1240 fatentes.

239 1284 287 1333 Sed
299 1291 355 1332 usus
366 1282 406 1331 hic
417 1282 530 1344 populus,
543 1281 637 1342 sapiens
649 1288 674 1327 et
681 1282 762 1340 Justus
773 1280 799 1328 in
810 1295 872 1340 uno,

237 1373 273 1420 Te
285 1371 375 1418 nostris
386 1369 496 1427 ducibus,
509 1377 534 1417 te
546 1367 626 1416 Graiis
637 1368 805 1428 conterendo,

239 1460 333 1507 Caetsra
344 1471 493 1518 nequaquam
505 1457 580 1504 simili
592 1457 686 1505 ratione
697 1456 817 1518 modoque

236 1547 362 1605 AEstimat,
373 1553 407 1604 et,
420 1545 467 1592 nisi
479 1560 532 1606 quae
543 1546 615 1593 terris
628 1552 721 1594 semota
732 1545 828 1606 suisque

235 1634 397 1698 Temporibus
409 1634 522 1682 defuncta
531 1635 607 1694 videt,
619 1634 712 1682 fastidit
723 1642 748 1682 et
757 1633 823 1681 odit:

238 1724 278 1774 Sic
290 1725 370 1772 fautor
382 1732 501 1784 veterum,
513 1731 541 1771 ut
552 1724 645 1771 tabulas
656 1728 882 1784 peccassemus,

238 1813 304 1867 Quas
316 1813 352 1860 bis
363 1812 468 1874 quinque
479 1811 524 1858 viri
535 1817 679 1868 sanxerunt,
691 1810 783 1858 foedera
793 1823 877 1871 regum

237 1901 282 1948 Vel
294 1900 376 1949 Gabiis
388 1901 426 1948 vel
437 1914 492 1948 cum
505 1898 588 1959 rigidis
599 1906 693 1959 aequsta
704 1897 811 1958 Sabinu,

237 1989 384 2038 Pontificum
394 1989 481 2047 libros,
493 2001 586 2036 annosa
596 1987 722 2034 volumina
732 1994 825 2044 vanum,
913 2049 916 2054 Ι

236 2077 336 2126 Dictitet
346 2079 442 2125 Albano
455 2078 539 2125 Musas
551 2076 576 2123 in
588 2083 671 2123 monte
684 2076 787 2122 locutas.

237 2166 274 2226 Si,
286 2166 342 2226 quia
352 2166 494 2212 Graecorum
506 2171 563 2211 sunt
574 2162 742 2224 antiquissima
754 2176 854 2223 quaeque

238 2252 332 2314 Scripta
341 2253 378 2299 vel
390 2251 493 2314 optima,
506 2251 611 2299 Romani
622 2259 753 2312 pensantur
765 2250 849 2298 mem

237 2340 371 2401 Scriptores
382 2341 484 2400 trutina,
497 2354 547 2388 non
559 2339 672 2400 estquod
685 2340 762 2387 multa
772 2340 915 2400 loquamur:

237 2429 279 2476 Nil
291 2429 356 2476 intra
366 2437 404 2476 est
415 2431 505 2488 oleam,
517 2430 553 2476 nil
565 2437 635 2476 extra
645 2436 683 2476 est
694 2427 719 2475 in
732 2441 792 2476 nuce
804 2426 867 2475 duri.

236 2516 353 2564 Venimus
364 2516 394 2564 ad
405 2529 528 2563 summum
540 2517 658 2565 fortunas:
676 2516 808 2579 pingimus,
820 2524 891 2577 atque

237 2603 377 2663 Psallimus‚
389 2612 414 2652 et
424 2605 544 2652 luctamur
555 2605 653 2653 Achiuis
665 2606 759 2653 doctius
771 2604 858 2653 unctis.

237 2693 263 2741 Si
276 2692 378 2740 meliora
388 2691 450 2753 dies,
459 2699 488 2740 ut
497 2693 563 2753 vina,
575 2699 687 2755 podmata
698 2693 786 2753 reddit,

236 2783 303 2831 Scire
312 2783 396 2842 velim,
408 2783 512 2846 pretium
523 2783 612 2832 chartis
624 2791 712 2844 quotus
724 2789 820 2843 arroget
830 2795 922 2830 annus:

237 2870 346 2932 Scriptor
356 2871 443 2919 abhinc
454 2885 531 2920 annos
544 2880 641 2920 centum
653 2873 694 2932 qui
705 2870 804 2931 decidit,
816 2871 880 2919 inter

237 2958 359 3005 Perfectos
370 2967 508 3020 veteresque
519 2960 604 3008 referri
615 2960 706 3008 debet?
725 2973 757 3007 an
768 2959 832 3007 inter

235 3041 302 3092 Viles
313 3052 384 3105 atque
396 3051 489 3095 novos?
510 3048 622 3096 excludat
630 3048 712 3107 jurgia
722 3048 787 3096 finis.

235 3128 306 3185 llEst
316 3139 384 3180 vetus
396 3141 467 3194 atque
478 3137 579 3198 probus,
592 3141 689 3184 centum
700 3134 742 3196 qui
753 3133 847 3196 perlicit
858 3146 943 3182 annos.
