2432 3874
446 489 585 570 aeouou
602 519 708 570 braun.

206 643 238 692 Et
253 645 330 704 deca,
345 644 449 695 obducta
459 648 661 697 solvatur'ironte
671 633 791 698 teneatue.

240 734 279 779 'l'u
290 733 347 781 vina
356 736 481 798 Torquato
494 749 564 784 move
575 735 676 786 oone'ulc
687 751 771 799 presan
781 751 844 785 meo.

208 819 302 868 Caetera
312 819 382 870 mitte
393 822 476 884 loqui:
494 825 560 873 Deua
571 825 623 873 haec
635 825 738 874 [ortanae
749 825 854 887 benigna

237 908 344 958 Reducct
356 908 383 959 in
395 912 477 960 aedem
489 899 552 961 vicet
584 914 656 961 Nunc
669 922 694 962 et
704 915 860 962 Achaemenio

206 995 322 1045 Perfundi
333 998 409 1046 nardo
417 1000 497 1060 Juvat,
509 1008 535 1048 et
545 999 593 1048 ride
605 1002 721 1063 Cyllenea

235 1085 325 1133 Levare
337 1085 397 1135 diris
409 1096 508 1150 pectora
519 1088 729 1138 solicitudinibus:
770 1071 772 1075 V

204 1173 300 1221 Nobilis
311 1183 340 1222 ut
350 1176 435 1235 grandi
446 1176 534 1224 oecinit
545 1178 682 1226 centaurus
694 1179 810 1239 alumno;

234 1260 325 1310 invicte
336 1263 457 1324 mortalia,
468 1263 513 1312 dea
525 1271 581 1312 nate
592 1279 652 1327 puer
663 1265 777 1325 Thetide,

202 1349 238 1397 'l'e
249 1356 332 1397 manet
341 1350 455 1398 Assaraci
466 1352 551 1410 tellus,
562 1367 634 1413 quam
647 1353 735 1413 frigida
745 1354 812 1416 parvi

234 1435 342 1485 Findunt
353 1438 495 1487 Scamandri
506 1439 619 1500 flumina,
631 1440 738 1488 lubricus
750 1448 775 1488 et
787 1440 893 1501 Simois;

202 1522 274 1573 Unde
285 1523 330 1572 tibi
341 1524 446 1573 redituum
458 1534 526 1574 certo
537 1527 675 1576 subtemine
688 1530 769 1577 Parcae

235 1614 347 1675 Rupere3
365 1627 410 1662 nec
421 1621 499 1663 mater
511 1614 612 1663 domum
624 1617 717 1665 coerula
727 1623 751 1665 tc
763 1617 867 1665 revehet.

203 1700 256 1749 illic
267 1715 340 1750 omne
352 1703 443 1751 malum
456 1703 514 1751 vino
525 1710 645 1765 cantuque
655 1705 746 1764 levato,

234 1789 356 1838 Deformis
367 1789 514 1850 aegrimoniae
525 1789 636 1839 duloibrn
647 1789 768 1852 alloquiis.

489 1993 556 2041 ODE
580 1994 646 2041 XIV.

450 2164 485 2198 Ab
506 2164 683 2201 Marcellarum.

263 2308 364 2354 Montis
375 2305 463 2355 inertia
474 2321 517 2355 cur
528 2297 621 2356 tantam
633 2307 757 2357 diffuderit
768 2308 823 2356 imis

328 2393 483 2444 Oblivionem
495 2393 616 2455 sensibile,

262 2482 353 2530 Pocula
363 2481 467 2530 Lethcoe
478 2489 506 2529 ut
516 2481 537 2529 si
547 2480 660 2530 ducentia
670 2495 770 2531 somnos

324 2570 416 2617 Arente
428 2569 496 2618 iauoe
506 2570 635 2632 traxerim,

260 2656 367 2706 Candide
378 2660 510 2720 Maeoenas,
522 2660 612 2709 occidis
624 2675 687 2722 crepe
698 2662 821 2722 rogando:

324 2746 400 2805 Deae,
412 2746 471 2795 deus
483 2759 540 2794 nam
552 2761 591 2795 me
601 2755 666 2796 votat
774 2753 780 2762 '

261 2833 382 2893 luceolos,
395 2832 455 2881 olim
466 2833 614 2898 promissum
626 2849 723 2884 carmen
727 2871 735 2895 ,
748 2836 845 2883 lambo·

323 2921 363 2968 Ad
373 2921 515 2971 umbilicum
528 2923 655 2972 adducere.

260 3011 317 3056 Non
329 3009 400 3056 aliter
412 3010 494 3060 Samio
505 3011 590 3060 dicunt
601 3012 689 3060 mbae
700 3009 814 3072 Bathyllo

322 3096 477 3146 Anacreonta
488 3100 576 3147 Teium
587 3119 595 3160 ;
