2432 3874
245 555 304 630 *ise
493 557 523 609 Q·
541 555 679 605 HORATII
689 557 814 604 -anccr

257 683 285 730 In
297 695 366 729 cruce
376 683 479 742 suffigat,
490 683 601 731 Labeone
613 681 719 730 insanior
730 682 793 731 inter

257 769 334 817 Sanos
344 767 445 817 dicatur.
478 770 575 822 Quanto
586 770 632 816 boc
643 769 756 817 iudosius
767 777 837 829 atquc

257 859 337 916 Majus
348 864 470 918 peecatum
480 859 535 905 est?
563 858 665 905 Paulum
676 856 776 917 deliquit
786 856 892 917 amicus;

261 944 343 1008 (Quod
354 943 400 992 nisi
410 945 535 1003 concedas,
547 945 649 994 habeare
660 945 774 1004 insuavis,
785 944 905 1004 acerbus)

258 1032 338 1082 Odisti
348 1041 373 1081 et
383 1033 456 1094 iugis,
468 1042 496 1082 ut
507 1036 630 1083 Rusonem
641 1034 735 1082 debitor
745 1033 820 1082 aris?

258 1120 316 1180 Qui,
328 1119 385 1181 nisi,
396 1136 451 1170 cum
462 1103 543 1172 tristes
554 1123 643 1172 misero
653 1137 740 1172 venere
752 1121 876 1179 cnlendae,

257 1210 394 1260 Mercedem
405 1220 447 1261 aut
457 1228 570 1262 nummos
580 1213 646 1262 unde
656 1212 720 1261 unde
731 1211 843 1271 extricat,
855 1223 947 1260 amaras

258 1299 373 1346 Porrecto
380 1301 465 1360 jugulo
476 1300 599 1359 historias,
610 1301 716 1362 captivus
726 1307 764 1360 ut,
777 1299 852 1348 audit.

257 1385 409 1433 Comminxit
418 1389 508 1435 lectum
518 1395 601 1448 potus,
612 1400 725 1434 mensave
735 1385 845 1435 catillum

256 1473 362 1520 Evandri
373 1474 483 1522 manibus
490 1475 575 1522 tritum
586 1474 672 1534 dejecit
682 1494 689 1534 ς
707 1475 739 1522 ob
749 1474 812 1521 hanc
823 1487 885 1533 rem,

257 1561 308 1608 Aut
317 1560 422 1622 positum
433 1569 489 1608 ante
500 1575 554 1608 mea
561 1560 617 1621 quia
627 1561 722 1622 pullum
732 1560 758 1608 in
768 1567 837 1622 parte
846 1561 919 1609 catini

258 1647 361 1696 Sustulit
371 1647 488 1706 eunicus,
501 1647 580 1696 minus
591 1647 637 1695 boc
645 1647 765 1708 jucundus
777 1646 867 1696 amicae
918 1703 922 1707 ,

258 1733 296 1784 sn
307 1733 470 1788 maus-eurr
481 1734 578 1794 rusam,
589 1734 609 1783 ss
620 1735 712 1783 snam
723 1735 825 1784 emere
844 1717 916 1785 ausa

256 1821 394 1870 'Prodiderit
404 1823 533 1871 commissa
543 1822 608 1870 fide?
628 1837 771 1884 sponsumve
781 1823 892 1883 negarit?

259 1909 333 1980 Queis
343 1910 411 1972 paria
421 1924 473 1958 esse
484 1912 535 1958 iere
545 1910 635 1972 placuit
644 1917 749 1971 peccata,
761 1911 882 1969 laborant,

260 2000 322 2049 Cum
332 2000 430 2047 venturd
441 1999 472 2046 ad
483 2006 565 2047 verum
576 2006 626 2047 est:
644 2013 727 2048 sensus
739 2013 865 2059 moresque
879 2007 1021 2061 repugnant,

218 2099 221 2102 '
257 2091 337 2150 Atque
348 2087 398 2150 ipsa
408 2088 509 2148 utilitas,
519 2088 579 2148 justi
591 2103 664 2151 prope
675 2097 751 2136 mater
762 2096 787 2136 et
798 2088 868 2148 aequi.

259 2177 321 2225 Cum
332 2183 504 2237 prorepserunt
514 2175 598 2246 primis
609 2175 723 2223 animalia
732 2175 814 2234 terris,

258 2266 355 2313 Mutum
367 2271 392 2311 et
401 2271 471 2327 turpe
482 2279 563 2326 pecus,
575 2264 685 2324 glandem
697 2272 768 2325 atque
777 2262 866 2312 cubilia
876 2270 974 2325 propter

258 2354 386 2419 Unguibus
398 2363 423 2404 et
433 2357 528 2418 pugnis,
540 2355 596 2403 dein
608 2353 720 2414 fustibus,
731 2344 806 2414 atquc'
814 2352 848 2400 ita
857 2365 931 2414 porro

253 2445 399 2504 Pugnabant
409 2444 493 2502 armis,
504 2457 556 2503 quae
565 2451 620 2504 post
630 2441 785 2510 fabricaverat
794 2453 851 2487 usus
860 2459 868 2498 3

254 2533 339 2579 Donec
349 2530 431 2587 verba,
443 2529 527 2588 quibus
538 2543 606 2575 voces
618 2541 748 2587 sensusque
760 2534 881 2585 notarent,

257 2616 410 2678 Nominaque
419 2616 531 2664 invenere
541 2633 547 2664 ;
564 2615 650 2662 debinc
661 2613 774 2662 absistere
781 2615 857 2673 bello,

258 2703 353 2770 Oppida
363 2712 488 2768 coeperunt
498 2703 606 2752 munire:
625 2711 649 2752 ct
658 2717 748 2765 ponere
758 2704 835 2763 leges,

258 2797 296 2844 Ne
307 2794 360 2857 quis
372 2795 411 2842 iur
421 2802 494 2854 esset,
508 2808 555 2841 neu
566 2793 638 2852 latro,
651 2807 698 2840 neu
710 2792 762 2853 quis
773 2791 874 2840 adulter.

259 2886 323 2933 Nam
335 2883 381 2933 fuit
391 2891 445 2932 ante
458 2885 575 2932 Helenam
585 2897 678 2930 cunnus
688 2881 811 2930 teterrima
820 2878 878 2927 belli
956 2911 959 2918 ·

260 2974 351 3022 causa:
369 2974 410 3022 sar
421 2973 508 3034 ignotis
518 2953 642 3036 perierunt
652 2969 769 3018 morasus
779 2967 827 3025 sm,

260 3061 327 3114 Quos
338 3060 456 3108 Venerem
467 3060 583 3108 incertam
594 3058 712 3120 rapientes
723 3068 791 3103 more
802 3054 909 3102 ferarum

259 3147 357 3196 Viribus
367 3147 454 3196 editior
463 3147 576 3206 oedebat,
587 3153 615 3194 ut
626 3146 651 3193 in
662 3158 732 3205 grege
742 3151 834 3193 taurus.
