2438 3860
260 566 304 612 128

496 562 526 613 Q·
545 558 684 608 HORATll
702 557 819 607 FLACCI

590 813 657 861 ODE
675 813 720 860 111.

535 978 569 1012 au
586 951 774 1013 unumununs.

358 1131 437 1183 Quum
450 1136 488 1189 tu,
501 1130 667 1191 Melpomene,
679 1128 754 1176 semel

389 1221 535 1268 Nasoentem
545 1217 641 1281 placido
653 1215 746 1265 lumine
756 1214 855 1274 videris,

358 1308 432 1355 lllum
444 1321 494 1354 non
506 1307 575 1355 labor
588 1305 704 1354 Isthmius

392 1393 499 1463 Clapabit
509 1392 626 1455 pugilem,
638 1407 688 1440 non
699 1407 776 1454 equus
788 1391 888 1453 impiger

360 1485 439 1531 Curru
451 1483 522 1529 ducet
532 1481 637 1529 Achaico

390 1569 528 1629 thorem3
545 1581 624 1629 neque
635 1581 674 1615 res
685 1567 772 1615 bellica
779 1566 856 1614 Deliis

360 1660 481 1708 Ornatum
493 1655 559 1704 foliis
570 1656 667 1716 duoem,

392 1746 464 1800 Quod
475 1759 559 1807 regum
570 1744 676 1793 tumidus
687 1743 825 1792 contuderit
836 1742 924 1803 minas,

362 1835 480 1885 Ostendet
492 1833 627 1897 Capitolio:

393 1924 441 1972 Sed
452 1937 505 1984 quae
516 1922 593 1970 Tibur
605 1936 673 1983 aquae
685 1919 766 1970 fertile
776 1921 916 1984 praefluunt,

362 2015 394 2061 Et
405 2011 487 2075 spissa
499 2025 628 2060 nemorum
639 2024 725 2071 comae,

394 2101 497 2161 Fingeut
507 2098 589 2148 AEolio
601 2098 708 2148 oarmine
720 2098 835 2149 nobilem.

362 2189 446 2235 Romae
458 2186 573 2248 principis
583 2186 682 2234 urbium

331 2330 334 2338 ,
395 2274 513 2335 Dignatur
525 2276 622 2323 suboles
635 2275 698 2323 inter
709 2275 824 2323 amabiles

363 2365 452 2411 Vatum
464 2377 554 2424 ponere
566 2376 605 2411 me
616 2363 722 2424 choros3

396 2452 428 2497 Et
436 2452 487 2508 jam
499 2450 571 2497 dente
582 2449 663 2498 minus
675 2450 788 2498 mordeor
799 2448 889 2499 invido.

365 2539 388 2586 0
400 2536 528 2585 testudinis
541 2549 620 2584 aurea

396 2625 498 2684 Dulcem
510 2638 563 2685 quae
575 2623 713 2685 strepitum,
726 2622 801 2683 Pieri,
814 2626 948 2685 temperas!

365 2715 388 2762 0
401 2712 474 2761 mutis
486 2726 582 2775 quoque
592 2711 697 2775 piscibus

397 2804 522 2850 Donatum
532 2801 611 2864 cycni,
623 2801 645 2850 si
656 2801 739 2862 libeat,
751 2815 839 2850 sonum
849 2803 855 2848 !

364 2891 455 2939 Totum
467 2889 575 2938 muueris
588 2889 635 2937 hoc
646 2889 683 2937 tui
694 2897 741 2950 eat,

397 2978 468 3033 Quod
479 2988 603 3029 monstror
614 2978 689 3041 digito
698 2957 904 3042 praetereuntium¹

366 3071 481 3118 Romana
492 3070 579 3119 fidioen
590 3071 662 3133 lyrae:

397 3161 469 3212 Quod
480 3160 546 3223 spiro
558 3167 582 3208 et
592 3161 677 3223 plaoeo
693 3159 724 3226 (si
735 3160 829 3225 placeo)
845 3169 915 3210 tuum
927 3168 971 3209 est.

604 3318 615 3348 ι
673 3291 681 3301 .
