2432 3874
281 575 282 578 =
364 550 556 600 SERMONUM
574 550 636 599 LlB.
654 551 673 598 l.
689 550 721 598 vi.
898 553 945 602 209

150 680 211 730 ture
223 676 284 726 mihi
294 676 399 726 invideat
409 677 496 738 quivis,
508 677 542 724 ita
552 683 576 724 te
587 691 682 739 quoque
692 677 813 726 amicum!

148 765 287 816 Praesertim
296 772 394 826 cautum
405 765 490 826 dignos
499 779 632 825 assumere,
643 779 717 827 prava

152 853 292 903 Ambitione
302 855 395 916 procul.
429 852 533 902 Felicem
543 853 622 902 dicere
634 869 683 902 non
694 854 741 903 hoc

153 943 196 989 Me
206 955 316 1003 possum,
327 954 384 989 casu
394 940 459 1001 quod
470 946 494 987 te
505 940 605 988 sortitus
616 940 734 988 amicum:

154 1030 230 1078 Nulla
240 1030 330 1078 etenim
342 1028 403 1076 mihi
412 1035 438 1076 te
448 1029 499 1076 fors
511 1027 613 1076 obtulit:
630 1028 736 1090 optimus
747 1031 807 1078 olim

154 1117 281 1179 Virgilius,
292 1117 423 1178 posthunc
433 1115 531 1174 Varius,
543 1115 626 1163 dixere
637 1116 695 1176 quid
704 1131 790 1165 essem.

148 1207 194 1255 =Ut
203 1205 259 1253 veni
269 1192 369 1264 coram;
387 1203 511 1264 singultim
523 1216 599 1264 pauca
608 1204 721 1266 locutus,-

162 1293 257 1356 (lnians
269 1305 373 1352 namque
383 1290 462 1352 pudor
472 1289 615 1352 prohibebat
625 1292 696 1352 plura
706 1289 807 1353 profari)

159 1380 217 1427 Non
228 1391 272 1439 ego
283 1391 323 1425 me
332 1378 399 1425 claro
410 1383 494 1426 natum
505 1384 583 1438 patre,
595 1391 646 1425 non
657 1389 702 1439 ego
712 1375 804 1425 circum

159 1469 202 1515 Mc
212 1466 355 1516 Satureiano
365 1464 454 1513 vectari
463 1478 522 1513 nura
530 1465 634 1526 caballo,

161 1554 219 1613 Sed,
230 1553 295 1616 quod
304 1567 381 1612 eram,
393 1567 480 1601 narro:
498 1553 639 1615 respondes,
651 1560 680 1601 ut
689 1561 746 1602 tuus
756 1562 867 1614 estmoe,
882 1567 885 1573 ’

162 1644 254 1692 Pauca:
271 1643 331 1690 abeo
341 1661 349 1704 3
366 1649 391 1689 et
401 1655 498 1690 revocas
509 1655 576 1690 nono
587 1643 647 1703 post
654 1656 747 1702 mense,
755 1643 873 1704 iubesqoe

164 1733 224 1780 Esse
235 1731 260 1778 iu
272 1730 406 1778 amicorum
417 1743 528 1778 numero.
561 1731 678 1790 Magnum
688 1731 735 1779 hoc
746 1745 790 1791 ego
798 1731 869 1790 duco,

167 1818 239 1872 Quod
249 1818 328 1880 placui
339 1818 393 1877 tibi,
405 1818 446 1878 qui
456 1817 523 1879 turpi
534 1819 638 1868 secernis
649 1818 789 1879 honestum,
877 1837 880 1843 ·

167 1909 224 1956 Non
235 1915 303 1969 patre
313 1907 441 1968 praeclaro,
453 1906 495 1954 sed
505 1907 589 1955 vitaer
599 1916 696 1970 pectore
707 1923 776 1971 puro.

165 1995 242 2057 Atqui
253 1995 275 2043 si
285 1994 349 2042 vitiis
361 1993 521 2042 mediocribus
532 2008 560 2042 ac
572 2009 626 2042 mea
636 1995 717 2057 paucis

169 2083 288 2135 Mendosa
298 2089 336 2130 est
346 2089 443 2141 natura,
455 2082 545 2143 alioqui
556 2090 637 2144 recta;
659 2083 735 2146 (velut
745 2083 766 2130 si

170 2170 272 2232 Egregie
284 2169 406 2231 inspersos
418 2170 547 2232 reprendas
558 2185 659 2232 corpore
671 2170 762 2232 naevos)

171 2258 198 2308 Si
210 2270 287 2318 neque
298 2255 432 2316 avaritiam,
444 2270 522 2318 neque
533 2259 626 2318 sordes,
638 2268 680 2307 aut
691 2261 755 2308 mala
765 2261 843 2308 lustra

173 2346 278 2408 Objiciet
287 2359 343 2394 vere
354 2346 480 2407 quisquam
492 2347 569 2410 mihi3
586 2362 665 2410 purus
672 2356 697 2397 et
708 2349 792 2397 insons

178 2437 225 2500 (Ut
235 2448 275 2482 me
285 2432 430 2495 collaudem)
445 2435 467 2483 si
477 2443 502 2484 et
513 2436 566 2484 vivo
576 2450 646 2485 carru
658 2437 741 2486 amicis
751 2457 757 2484 ι

175 2526 253 2573 Causa
265 2523 311 2572 fuit
321 2531 389 2585 pater
400 2523 453 2572 his:
470 2524 511 2585 qui
523 2538 604 2573 macro
615 2539 705 2586 pauper
717 2525 794 2586 agello

175 2612 262 2660 Noluit
272 2612 298 2660 in
310 2609 377 2664 ulau
387 2611 473 2660 ludum
485 2626 523 2660 me
535 2613 645 2673 mittere3
663 2613 743 2673 magrri

176 2703 231 2755 Quo
242 2701 311 2762 pueri
321 2700 413 2762 magnis
425 2714 439 2748 e
450 2700 631 2750 centurionibus
643 2702 701 2760 orti,

178 2790 249 2836 Loevo
261 2789 369 2849 suspensi
380 2789 473 2848 loculos
483 2789 636 2848 tabulamque
647 2789 748 2846 lacerto,

179 2876 251 2922 Ibant
259 2874 354 2922 octonis
367 2876 497 2923 reserentes
509 2875 588 2923 idibus
599 2869 661 2924 ara:

181 2960 230 3011 Sed
240 2974 342 3022 puerum
354 2968 391 3008 est
401 2976 472 3010 ausus
484 2965 586 3010 Romam
597 2971 703 3026 portare,
715 2961 850 3010 docendum

182 3051 265 3108 Artes,
277 3061 336 3108 quas
346 3047 430 3097 doceat
440 3050 516 3111 quivis
528 3052 607 3112 Eques
619 3058 690 3111 atque
701 3051 803 3098 Senator

185 3139 266 3187 Semet
277 3142 416 3199 prognatos.
450 3139 546 3186 Vestem
558 3151 686 3199 servosque
698 3145 822 3199 sequentes

574 3237 588 3272 r
