2432 3874
279 518 325 565 224
518 518 548 567 Q·
567 512 705 562 HORA'l'll
718 511 836 566 FlAccl
903 512 907 521 “

278 641 380 693 Caesaris
391 639 472 688 invicti
482 653 520 688 res
531 638 609 688 dicere
619 659 627 700 3
645 640 721 688 multa
732 640 843 688 laborum

278 728 380 779 Praemia
390 729 491 775 laturus.
524 730 542 786 tl
551 727 681 788 Cupidum,
692 735 760 788 pater
772 727 873 788 optime,
884 727 947 776 vires

278 817 413 866 Deficiunt:
431 813 584 876 nequeenim
595 814 671 876 quivis
682 814 807 864 horrentia
817 814 873 877 pilis

278 903 392 964 Agmina,
404 903 530 952 nccfrscta
539 911 666 966 pereuntes
678 903 774 965 cuspide
785 903 880 963 Gallos,

279 994 329 1040 Aut
339 991 442 1039 labentis
453 1005 515 1053 equo
526 991 644 1040 describat
654 992 754 1040 uulnera
765 989 857 1039 Parthi.

279 1083 297 1140 tl
305 1081 419 1128 Attamen
432 1089 456 1128 et
463 1082 557 1141 J'ustum
569 1087 665 1142 poteras
676 1086 700 1127 et
712 1078 816 1128 scribere
827 1078 926 1138 fortem,

257 1233 262 1242 Ι
279 1169 413 1231 Scipiadam
425 1177 452 1216 ut
463 1169 558 1231 sapiens
572 1168 687 1217 Lucilius.
720 1168 737 1223 l
748 1166 819 1214 Haud
830 1166 890 1214 mihi
902 1167 983 1226 deero,

281 1259 342 1306 Cum
354 1272 392 1306 res
403 1258 455 1319 ipsa
466 1257 543 1304 seret:
561 1255 608 1304 nisi
619 1255 705 1303 dextro
716 1262 834 1316 ternpore,
847 1255 924 1303 Flacci

279 1345 359 1392 Verba
370 1359 413 1406 per
423 1351 540 1392 attentam
552 1357 603 1392 non
614 1343 684 1392 ibunt
695 1343 796 1392 Caesaris
807 1357 890 1392 aurem
901 1363 909 1405 ;

283 1431 329 1479 (lui
341 1431 404 1478 male
415 1430 436 1478 si
446 1431 553 1491 palpem,
566 1431 700 1479 recalcitrat
711 1431 816 1492 undique
828 1438 902 1480 tutus.

278 1520 299 1574 ti
316 1518 413 1570 Quanto
424 1516 512 1566 rectius
524 1517 581 1576 hoc,
593 1531 664 1577 quam
676 1517 740 1566 tristi
751 1518 838 1566 laedere
850 1532 919 1568 versu

280 1605 440 1654 Pantolabum
452 1617 559 1651 scurram
571 1604 799 1666 Nomentanumque
810 1609 938 1668 nepotem!

280 1694 342 1742 Cum
353 1693 399 1741 sibi
409 1692 509 1754 quisque
520 1693 599 1752 timet,
611 1707 747 1755 quanquam
758 1702 795 1743 est
806 1695 921 1754 intactus,
931 1703 955 1743 et
965 1694 1024 1743 odit.

278 1783 299 1837 tl
306 1779 371 1834 Quid
383 1781 489 1832 faciam?
508 1783 586 1830 saltat
597 1781 725 1842 Milonius,
737 1789 765 1830 ut
776 1783 849 1830 semel
860 1781 908 1832 icto

277 1869 385 1918 Accessit
395 1870 475 1919 fervor
485 1869 567 1932 capiti,
578 1884 740 1932 numerusque
750 1870 864 1919 lucernis.

278 1958 365 2006 Castor
374 1959 461 2019 gaudet
471 1958 555 2020 equis3
573 1972 619 2006 ovo
631 1967 761 2020 prognatus
772 1957 867 2017 eodem,

279 2046 376 2106 Pugnis.
411 2047 476 2099 Quot
487 2046 593 2109 oepitum
603 2046 696 2106 vivunt,
708 2045 810 2095 totidem
821 2046 957 2096 studiorum

280 2133 374 2180 Millia2
393 2147 432 2181 me
442 2133 541 2195 pedibus
553 2134 655 2182 delectat
665 2135 776 2183 claudere
787 2135 869 2193 verba,

280 2217 357 2266 Lucili
368 2217 427 2278 ritu,
439 2226 549 2268 uostmm
561 2219 670 2267 melioris
680 2227 791 2282 utroque.

279 2307 323 2354 Ille
334 2307 400 2354 velut
410 2306 464 2354 tidis
475 2321 561 2356 arcane
571 2307 693 2356 sodalibus
703 2307 762 2356 olim

279 2398 397 2446 Credebat
408 2399 476 2447 libris
486 2421 492 2460 ς
512 2415 598 2461 neque,
611 2402 631 2449 si
644 2404 706 2450 male
717 2410 831 2462 gesserat,
842 2415 944 2462 usquam

278 2485 412 2532 Decurrens
423 2486 482 2542 alio,
494 2501 571 2546 neque
581 2488 602 2534 si
615 2489 690 2536 bene:
709 2502 756 2548 quo
768 2490 805 2547 tit,
817 2497 844 2535 ut
854 2477 934 2534 omnis

277 2569 363 2618 Votiva
373 2577 452 2631 pateat
461 2571 533 2618 veluti
545 2572 664 2633 descripta
674 2575 764 2621 tabella

277 2659 334 2708 Vita
344 2657 417 2706 senis.
451 2659 542 2719 Sequor
555 2659 629 2717 hunc,
642 2660 751 2707 Lucanus
763 2673 793 2706 an
804 2661 925 2721 Appulus,
936 2674 1022 2726 anceps

222 2801 226 2806 ,
278 2750 341 2798 Nam
352 2745 488 2796 Venusinus
499 2755 551 2795 arat
558 2747 632 2794 finem
643 2747 687 2795 sub
698 2737 827 2808 utrumque
838 2749 949 2809 colonus,
978 2743 980 2748 ’
1048 2748 1052 2760 ’

277 2838 368 2886 Missus
380 2837 477 2897 adhoc,
488 2837 564 2898 pulsis
579 2836 656 2900 (vetus
667 2844 705 2886 est
714 2845 743 2885 nt
753 2835 826 2898 fama)
843 2839 956 2898 Sabellis,

277 2928 331 2980 Quo
343 2941 373 2974 ne
384 2941 427 2989 per
437 2940 538 2974 vacuum
550 2927 660 2973 Romano
665 2925 806 2975 incurreret
816 2926 892 2974 hostis
902 2946 907 2973 :

275 3015 329 3063 Sive
341 3016 404 3076 quod
414 3017 509 3078 Appula
520 3028 588 3077 gens,
600 3028 642 3062 seu
652 3014 716 3075 quod
729 3014 833 3063 Lucania
844 3016 934 3063 bellurn

276 3104 395 3153 incuteret
405 3105 518 3155 violenta.
551 3103 598 3154 Sed
608 3103 648 3152 hic
660 3105 729 3153 stilus
740 3103 804 3152 haud
814 3104 873 3167 petit
883 3105 948 3152 ultro
