2438 3860
389 529 573 583 CARMINUM
591 535 653 584 LIB.
671 537 712 586 lV.
729 536 760 584 iv.

305 660 363 706 Post
373 659 420 706 hoc
430 659 541 711 secundis
552 674 629 722 usque
639 663 762 714 laboribus

304 749 414 796 Romane
424 749 499 811 pubes
510 749 601 814 crevit3
619 759 644 800 et
654 753 729 818 impio

335 838 433 885 vastata
444 839 581 890 Poenorum
589 841 697 890 tumultu

367 925 433 974 Fene
444 926 501 976 deos
512 927 619 978 habuere
629 937 722 981 rectos:

269 1103 270 1108 ’
303 1093 418 1156 Dixitque
427 1097 524 1146 taudem
535 1099 642 1160 perfidus
652 1100 777 1154 Annibal:

306 1181 386 1241 Cervi,
398 1183 513 1245 luporum
523 1185 605 1245 proede
615 1187 748 1248 rapacium,

336 1269 462 1317 sectamur
473 1271 551 1331 ultro,
562 1286 622 1334 quoe
631 1274 726 1336 opimus

368 1358 462 1408 Fallere
472 1367 498 1408 et
507 1361 610 1421 effligere
618 1370 655 1411 eet
666 1363 810 1427 triumphus.

303 1529 379 1590 Gens,
392 1545 445 1591 quoe
459 1540 565 1581 cremato
577 1533 648 1582 fortis
659 1536 690 1584 ab
702 1536 748 1585 llio

303 1619 318 1666 J
320 1625 397 1667 betete
407 1619 492 1668 Tuscis
504 1622 641 1682 aequoribur
653 1637 731 1684 secra,

335 1708 459 1768 Netoeque
470 1717 624 1770 matruoeque
640 1719 730 1773 putres,

367 1793 472 1842 Pertulit
483 1794 603 1846 Ausoniae
615 1795 646 1844 ed
655 1799 742 1846 urbes:
830 1817 835 1826 =

303 1962 377 2010 Duris
388 1971 416 2012 ut
428 1962 477 2010 ilex
489 1971 562 2012 tonse
572 1965 716 2028 bipennibus

304 2049 385 2109 Nigrae
397 2048 469 2096 feraci
481 2049 574 2098 frondis
585 2050 611 2100 in
622 2052 721 2112 Algido,

335 2137 382 2184 Per
392 2135 491 2195 demna,
502 2149 546 2198 per
557 2137 644 2198 caedee,
656 2141 686 2188 eb
697 2139 750 2203 ipro

369 2224 442 2272 Ducit
453 2238 510 2287 open
522 2225 677 2288 animumque
688 2229 762 2280 ferro.
848 2225 855 2230 ’

305 2397 361 2444 Non
374 2396 458 2460 Hydra
468 2405 533 2448 serto
544 2413 646 2462 corpore
657 2401 750 2452 firmior

304 2484 373 2532 Vinci
385 2485 507 2535 dolentem
518 2487 593 2536 erevit
604 2488 629 2536 in
642 2491 786 2552 Herculem

335 2574 503 2640 Monstrumve
514 2576 656 2626 summisere
669 2579 754 2630 colchi

367 2662 457 2722 Maius,
469 2663 622 2714 Echioniteve
633 2667 731 2716 Thebe.

302 2833 395 2882 Mereee
407 2833 539 2896 profundo,
550 2835 676 2898 pulchrior
689 2837 782 2886 evenit:

305 2921 415 2981 Luctere,
427 2922 505 2972 multe
515 2932 616 2984 promet
627 2924 748 2988 integrum
811 2957 813 2964 ,

338 3007 400 3056 Cum
410 3009 481 3059 leude
492 3011 618 3072 victorem,
630 3021 742 3074 geretque

363 3096 463 3146 'Proelle
472 3099 613 3161 conjugibus
624 3100 750 3160 loquenda.
