2400 3898
214 465 262 520 264Δ
453 464 484 517 Q.
502 462 640 512 HORATll
662 461 780 512 Flacci

216 590 281 646 Quid
291 604 375 639 venum
383 597 455 652 atque
461 589 548 640 decens
554 603 614 638 euro
622 596 648 637 et
657 602 728 650 rogo,
737 597 762 637 et
769 588 849 638 omnis
861 589 887 640 in
894 591 1021 644 hocsum:

122 731 129 744 ¹
219 677 303 728 condo
314 685 339 725 et
349 691 469 740 oompono
480 691 533 739 quae
544 691 605 725 mox
615 676 757 739 depromere
768 676 868 739 possim.

218 767 254 814 Ac
264 779 296 814 ne
306 765 369 813 forte
381 778 461 826 roges,
473 777 521 827 quo
533 778 573 812 me
585 763 655 824 duee,
667 778 715 824 quo
727 764 778 812 lare
788 771 867 812 tuter:

219 853 318 902 Nullius
329 852 437 902 addietum
445 854 529 913 Jurare
540 852 566 900 in
577 852 651 900 verba
662 851 780 912 magistri,

219 943 274 996 Quo
287 954 326 990 me
337 955 431 1003 cunque
442 939 505 1003 rapit
514 946 655 1002 tempestas,
667 937 763 987 deferor
773 938 869 1001 hospes.

222 1031 292 1078 Nunc
303 1028 429 1090 aguirrio,
441 1035 466 1078 et
477 1041 571 1078 mersor
582 1026 693 1076 civilibus
703 1025 786 1088 undis,

221 1115 324 1166 Virtutis
332 1130 394 1166 verae
406 1123 487 1166 orustos
498 1114 635 1176 rigidusque
646 1114 758 1163 satelles:

223 1209 294 1256 Nunc
306 1207 332 1258 in
343 1206 462 1270 Aristippi
471 1205 556 1254 furtim
567 1211 686 1268 praecepta
695 1203 802 1266 relabor,

222 1299 254 1346 Et
265 1295 326 1344 mlhl
337 1309 387 1356 res,
399 1309 449 1343 non
460 1308 500 1342 me
511 1293 583 1342 rebus
595 1293 739 1353 subjungere
750 1305 835 1342 conor.

224 1386 259 1433 Ut
269 1397 320 1432 nox
331 1384 413 1444 longa,
425 1381 511 1444 quibus
523 1380 640 1430 mentitur
651 1380 737 1440 amica,
749 1379 848 1442 diesque

224 1475 301 1520 lenta
310 1471 404 1520 videtur
415 1485 475 1532 opus
487 1470 629 1518 debentibus
638 1491 646 1533 3
663 1477 692 1518 ut
702 1469 769 1532 piger
779 1483 858 1518 annus

225 1559 336 1622 Pupillis‚
348 1573 409 1621 quos
419 1559 481 1608 dura
491 1558 580 1621 premit
590 1559 701 1608 custodia
712 1566 816 1606 matrum
827 1578 833 1606 ι

224 1651 263 1700 Sic
272 1649 333 1698 mihi
343 1649 412 1699 tarda
421 1650 502 1698 fluunt
513 1649 654 1712 ingrataque
665 1657 786 1713 temporo,
800 1664 853 1711 quae
865 1663 932 1712 spem

153 1779 160 1794 .
225 1737 408 1802 Consiliumque
419 1745 547 1788 morantur
557 1736 643 1799 agendi
654 1737 761 1798 gnaviter
773 1736 797 1785 id
810 1737 874 1798 quod

224 1827 303 1888 AEqm
313 1825 458 1890 pauperibus
468 1825 577 1889 prodest,
589 1825 751 1888 locupletibus
763 1839 846 1887 eque3

226 1915 305 1975 AEque
317 1915 452 1976 neglectum
462 1913 542 1977 pueris
554 1909 699 1975 senibusrme
709 1913 812 1962 nooebit.

226 2004 320 2062 Restat,
331 2001 408 2051 uthis
419 2016 464 2063 ego
475 2016 514 2050 me
525 2001 577 2064 ipse
588 2015 670 2062 regam
681 2001 793 2062 solerque
803 1999 943 2050 elementis:

226 2091 284 2138 Non
295 2087 374 2153 possis
385 2079 457 2138 oculo
469 2097 587 2151 quantum
597 2087 744 2138 contendere
755 2089 883 2151 Lynceus.

226 2179 282 2226 Nou
296 2184 377 2226 tamen
388 2176 478 2226 idcirco
488 2184 629 2225 contemnas
641 2175 720 2238 lippus
731 2175 849 2238 inungui3

227 2265 288 2324 Nec,
299 2264 357 2325 quia
366 2263 477 2328 desperes
488 2263 571 2313 invicti
582 2253 692 2311 membra
705 2251 837 2325 Glyconis,'

227 2351 327 2400 Nodosa
336 2366 424 2416 eorpus
435 2353 499 2402 nolis
510 2353 638 2416 prohibere
649 2352 772 2412 cheragra.

226 2440 271 2486 Est
281 2438 385 2507 quodam
396 2440 493 2503 prodire
503 2448 585 2501 tenus,
597 2441 619 2488 si
630 2454 681 2489 non
692 2439 763 2489 datm
773 2440 852 2490 ulnas

228 2528 314 2576 Fervet
325 2525 425 2577 arbritio
433 2527 569 2589 miseroque
580 2528 692 2591 cupidine
702 2537 785 2592 pectus
796 2531 806 2577 l
834 2576 836 2580 ,

228 2615 291 2664 Sunt
301 2615 374 2663 verba
385 2622 409 2663 et
418 2628 500 2676 voees,
512 2615 599 2677 quibus
610 2617 676 2666 hunc
686 2617 764 2666 le'nire
774 2618 884 2667 dolorem

227 2703 320 2766 Possis,
331 2711 356 2753 et
367 2717 481 2766 magnam
492 2706 573 2756 morbi
584 2707 704 2771 deponere
714 2715 815 2770 partem.

227 2792 315 2842 Laudis
326 2806 410 2842 amore
419 2796 519 2844 urmes?
538 2804 597 2845 sunt
606 2804 673 2845 certa
681 2795 785 2859 piacula,
796 2809 849 2858 que
860 2802 884 2844 te

227 2883 276 2929 Ter
287 2896 346 2944 pure
356 2883 420 2931 lecto
430 2891 546 2948 poterunt
559 2899 667 2936 recreare
678 2885 772 2935 libello.

228 2967 336 3029 Invidus,
348 2968 489 3034 iracundus,
499 2971 693 3034 iners,vinosus,
704 2981 816 3036 amator3

227 3057 307 3106 Nemo
316 3056 377 3106 adeo
387 3059 453 3110 lenus
467 3068 516 3123 est,
526 3069 555 3110 ut
566 3075 616 3110 non
628 3061 754 3111 mitesoere
764 3061 851 3124 possit,
