2400 3898
359 511 596 562 srrsrounuuiu
617 487 770 560 trs.11.'s.
911 513 958 560 313

377 855 378 862 ¹
454 835 617 889 EP'lSTOLA
634 841 666 890 ll.

416 1013 451 1048 ln
467 1013 565 1048 sunium
585 1013 699 1048 morou.

158 1164 254 1222 Flore,
266 1164 331 1211 bono
343 1163 456 1223 cleroque
466 1161 545 1210 fidelis
556 1161 633 1210 amice
645 1161 750 1221 Neroni,

158 1253 185 1300 Si
196 1252 250 1313 quis
263 1251 326 1300 forte
336 1250 396 1299 velit
405 1265 509 1313 puerum
520 1251 564 1300 tibi
575 1251 680 1300 vendere
690 1258 776 1299 natum

158 1339 250 1388 'libure
260 1341 298 1388 vel
310 1339 403 1399 Gabiis,
414 1346 439 1388 et
449 1345 528 1388 tecum
539 1340 574 1388 sie
582 1347 652 1402 κως
671 1339 717 1388 Hie
727 1347 752 1387 et
813 1351 816 1356 ’
828 1369 836 1390 2

160 1428 294 1489 Candidus,
306 1436 331 1476 et
341 1429 404 1477 talos
416 1441 431 1476 s
441 1428 532 1489 vertice·
541 1429 641 1491 pulcher
653 1427 768 1486 edituos,

157 1515 211 1566 Fiet
221 1516 315 1578 eritque
325 1524 381 1566 tuus
393 1531 551 1566 nummorum
561 1516 671 1566 millibus
682 1525 737 1565 octo
746 1535 754 1577 3

155 1607 237 1654 Verns
247 1605 388 1654 ministeriis
399 1605 430 1654 nd
441 1613 515 1656 nutus
527 1612 597 1667 aptus
609 1605 715 1666 heriles;

157 1693 281 1742 litterulis
292 1694 383 1744 Graecls
395 1694 512 1753 imbutus,
525 1694 626 1742 idoneus
638 1693 685 1742 arti

157 1781 262 1830 Cuilibet
272 1801 280 1842 3
298 1781 384 1842 argilla
395 1781 488 1843 quidvis
501 1779 634 1831 imitaberis
646 1780 709 1828 ude:

157 1870 222 1923 Quin
234 1869 308 1918 etism
320 1876 389 1918 cenet
401 1869 536 1928 indoctum,
552 1867 595 1917 sed
605 1867 674 1916 dulce
684 1866 790 1916 bibenti:
840 1917 845 1928 x

156 1959 237 2024 Multa
244 1958 317 2006 tidem
329 1957 449 2021 promissa
459 1958 550 2016 levant,
563 1955 604 2004 ubi
615 1955 711 2018 plenius
722 1968 792 2016 aequo

157 2045 248 2094 Laudat
258 2046 367 2106 venales,
379 2045 420 2106 qui
432 2045 484 2094 vult
494 2043 632 2104 extrudere,
646 2057 751 2092 merres:
851 2025 853 2030 ’

156 2135 203 2182 Res
214 2140 302 2195 urguet
313 2147 352 2182 rne
363 2134 450 2196 nulia3
467 2147 522 2182 meo
530 2147 586 2182 sum
596 2145 687 2195 pauper
697 2131 724 2179 in
735 2144 797 2180 aeres

157 2223 236 2270 Nemo
247 2222 294 2270 boc
305 2235 454 2282 mangonum
464 2222 555 2270 fuceret
565 2221 626 2269 tibi:
645 2235 695 2269 non
705 2227 798 2268 temere
809 2231 824 2266 s
835 2232 874 2266 me

157 2310 242 2365 Quivis
254 2311 328 2358 ferret
339 2310 420 2371 idem;
438 2311 513 2358 semel
524 2309 563 2358 hic
574 2309 685 2368 oossavit,
696 2317 731 2367 et,
742 2315 770 2355 ut
781 2307 818 2364 tit,

157 2401 185 2446 ln
197 2398 268 2447 soniis
279 2398 351 2447 innuit
361 2407 472 2448 metuens
483 2397 610 2460 pendentis
621 2397 729 2444 habente.

156 2489 205 2536 Des
216 2501 341 2548 nummos,
353 2494 453 2550 excepte
463 2486 526 2536 nihil
538 2496 562 2534 te
574 2486 595 2534 si
603 2487 660 2546 fuga
671 2484 746 2534 laedit

157 2577 202 2624 lile
213 2577 274 2624 ierat
285 2576 401 2638 pretium,
413 2590 491 2638 poenae
503 2589 613 2647 securus2
624 2575 721 2637 opinor.

155 2667 174 2720 tl
184 2665 292 2714 Prudens
303 2664 384 2714 emisti
393 2664 524 2726 vitiosum
542 2664 606 2712 dicta
616 2664 660 2712 tibi
672 2671 709 2726 est
720 2664 775 2711 lex:

156 2750 292 2812 insequeris
303 2759 385 2800 tumen
392 2752 469 2812 bunc,
479 2761 504 2800 et
514 2752 558 2800 lite
569 2751 673 2800 moraris
684 2750 774 2811 iniqua.

157 2837 175 2894 ii
185 2838 244 2887 Dixi
255 2851 294 2886 me
306 2839 401 2901 pigrum
411 2839 574 2901 proficiscenti
584 2838 640 2898 tibi,
652 2837 703 2886 dixi

156 2927 256 2977 Talibus
268 2929 352 2978 officiis
363 2944 437 2992 prope
449 2944 578 2992 manenm3
596 2943 627 2978 ne
638 2941 693 2976 mes
704 2941 780 2978 saevus

156 3019 271 3078 iurgares
282 3015 313 3064 sd
324 3025 348 3066 te
360 3017 425 3077 quod
436 3018 539 3080 epistola
550 3018 619 3066 nulla
630 3015 731 3064 veniret.

158 3104 222 3159 Quid
234 3112 287 3154 tum
298 3104 401 3168 proieci,
412 3119 507 3154 mecum
518 3103 631 3154 facientis
639 3105 696 3164 jura
