<?xml version="1.0" encoding="UTF-8"?>
<!DOCTYPE html PUBLIC "-//W3C//DTD XHTML 1.0 Transitional//EN"
    "http://www.w3.org/TR/xhtml1/DTD/xhtml1-transitional.dtd">
<html xmlns="http://www.w3.org/1999/xhtml" xml:lang="en" lang="en">
 <head>
  <title>
</title>
<meta http-equiv="Content-Type" content="text/html;charset=utf-8" />
  <meta name='ocr-system' content='tesseract 3.04.00' />
  <meta name='ocr-capabilities' content='ocr_page ocr_carea ocr_par ocr_line ocrx_word'/>
</head>
<body>
  <div class='ocr_page' id='page_1' title='image "./opera00gesngoog_0233.png"; bbox 0 0 2432 3874; ppageno 0'>
   <div class='ocr_carea' id='block_1_1' title="bbox 253 539 815 596">
    <p class='ocr_par' dir='ltr' id='par_1_1' title="bbox 253 539 815 596">
     <span class='ocr_line' id='line_1_1' title="bbox 253 539 815 596; baseline -0.007 -2"><span class='ocrx_word' id='word_1_1' title='bbox 253 545 300 594; x_wconf 76' lang='lat'><strong>226</strong></span> <span class='ocrx_word' id='word_1_2' title='bbox 492 544 523 596; x_wconf 87' lang='lat' dir='ltr'><strong>Q.</strong></span> <span class='ocrx_word' id='word_1_3' title='bbox 541 541 680 590; x_wconf 82' lang='lat' dir='ltr'><strong>HORATll</strong></span> <span class='ocrx_word' id='word_1_4' title='bbox 698 539 815 591; x_wconf 79' lang='lat' dir='ltr'><strong>rnnccl</strong></span> 
     </span>
    </p>
   </div>
   <div class='ocr_carea' id='block_1_2' title="bbox 255 667 1001 1976">
    <p class='ocr_par' dir='ltr' id='par_1_2' title="bbox 256 667 897 818">
     <span class='ocr_line' id='line_1_2' title="bbox 256 667 897 732; baseline -0.003 -14"><span class='ocrx_word' id='word_1_5' title='bbox 256 671 377 718; x_wconf 74' lang='lat' dir='ltr'><strong>Primores</strong></span> <span class='ocrx_word' id='word_1_6' title='bbox 388 669 471 732; x_wconf 82' lang='lat' dir='ltr'><strong>populi</strong></span> <span class='ocrx_word' id='word_1_7' title='bbox 480 668 582 730; x_wconf 79' lang='lat' dir='ltr'><strong>arripuit</strong></span> <span class='ocrx_word' id='word_1_8' title='bbox 591 669 754 731; x_wconf 84' lang='lat' dir='ltr'><strong>populumque</strong></span> <span class='ocrx_word' id='word_1_9' title='bbox 765 667 876 716; x_wconf 84' lang='lat' dir='ltr'><strong>tributim</strong></span> <span class='ocrx_word' id='word_1_10' title='bbox 886 685 897 728; x_wconf 70' lang='grc' dir='ltr'><strong><em>ς</em></strong></span> 
     </span>
     <span class='ocr_line' id='line_1_3' title="bbox 256 755 843 818; baseline -0.007 -11"><span class='ocrx_word' id='word_1_11' title='bbox 256 757 352 807; x_wconf 75' lang='lat' dir='ltr'><strong>Scilicet</strong></span> <span class='ocrx_word' id='word_1_12' title='bbox 362 757 405 806; x_wconf 91' lang='lat' dir='ltr'><strong>uni</strong></span> <span class='ocrx_word' id='word_1_13' title='bbox 416 772 498 818; x_wconf 83' lang='lat' dir='ltr'><strong>aequus</strong></span> <span class='ocrx_word' id='word_1_14' title='bbox 509 756 593 805; x_wconf 85' lang='lat' dir='ltr'><strong>virtuti</strong></span> <span class='ocrx_word' id='word_1_15' title='bbox 604 764 676 818; x_wconf 87' lang='lat' dir='ltr'><strong>atque</strong></span> <span class='ocrx_word' id='word_1_16' title='bbox 686 759 739 817; x_wconf 89' lang='lat' dir='ltr'><strong>ejus</strong></span> <span class='ocrx_word' id='word_1_17' title='bbox 752 755 843 804; x_wconf 85' lang='lat' dir='ltr'><strong>amicis.</strong></span> 
     </span>
    </p>

    <p class='ocr_par' dir='ltr' id='par_1_3' title="bbox 255 845 909 998">
     <span class='ocr_line' id='line_1_4' title="bbox 256 845 909 907; baseline -0.006 -13"><span class='ocrx_word' id='word_1_18' title='bbox 256 846 320 900; x_wconf 86' lang='lat' dir='ltr'><strong>Quin</strong></span> <span class='ocrx_word' id='word_1_19' title='bbox 332 847 374 895; x_wconf 92' lang='lat' dir='ltr'><strong>ubi</strong></span> <span class='ocrx_word' id='word_1_20' title='bbox 385 861 411 895; x_wconf 82' lang='lat' dir='ltr'><strong>se</strong></span> <span class='ocrx_word' id='word_1_21' title='bbox 423 859 437 894; x_wconf 84' lang='lat' dir='ltr'><strong>a</strong></span> <span class='ocrx_word' id='word_1_22' title='bbox 448 847 519 907; x_wconf 85' lang='lat' dir='ltr'><strong>uulgo</strong></span> <span class='ocrx_word' id='word_1_23' title='bbox 531 853 556 894; x_wconf 90' lang='lat' dir='ltr'><strong>et</strong></span> <span class='ocrx_word' id='word_1_24' title='bbox 565 859 637 894; x_wconf 73' lang='lat' dir='ltr'><strong>mena</strong></span> <span class='ocrx_word' id='word_1_25' title='bbox 647 845 672 893; x_wconf 92' lang='lat' dir='ltr'><strong>in</strong></span> <span class='ocrx_word' id='word_1_26' title='bbox 684 852 775 893; x_wconf 83' lang='lat' dir='ltr'><strong>secreta</strong></span> <span class='ocrx_word' id='word_1_27' title='bbox 785 849 909 892; x_wconf 78' lang='lat' dir='ltr'><strong>remorant</strong></span> 
     </span>
     <span class='ocr_line' id='line_1_5' title="bbox 255 931 788 998; baseline -0.006 -16"><span class='ocrx_word' id='word_1_28' title='bbox 255 934 338 983; x_wconf 75' lang='lat' dir='ltr'><strong>Virtus</strong></span> <span class='ocrx_word' id='word_1_29' title='bbox 350 935 466 998; x_wconf 75' lang='lat' dir='ltr'><strong>Scipiades</strong></span> <span class='ocrx_word' id='word_1_30' title='bbox 476 943 501 983; x_wconf 82' lang='lat' dir='ltr'><strong>et</strong></span> <span class='ocrx_word' id='word_1_31' title='bbox 509 934 575 987; x_wconf 85' lang='lat' dir='ltr'><strong>mitis</strong></span> <span class='ocrx_word' id='word_1_32' title='bbox 586 933 703 996; x_wconf 82' lang='lat' dir='ltr'><strong>sapientia</strong></span> <span class='ocrx_word' id='word_1_33' title='bbox 714 931 788 994; x_wconf 74' lang='lat' dir='ltr'><strong>nell,</strong></span> 
     </span>
    </p>

    <p class='ocr_par' dir='ltr' id='par_1_4' title="bbox 256 1021 1001 1264">
     <span class='ocr_line' id='line_1_6' title="bbox 257 1021 830 1084; baseline -0.005 -13"><span class='ocrx_word' id='word_1_34' title='bbox 257 1023 349 1084; x_wconf 81' lang='lat' dir='ltr'><strong>Nugari</strong></span> <span class='ocrx_word' id='word_1_35' title='bbox 360 1039 417 1072; x_wconf 90' lang='lat' dir='ltr'><strong>cum</strong></span> <span class='ocrx_word' id='word_1_36' title='bbox 428 1023 482 1084; x_wconf 92' lang='lat' dir='ltr'><strong>illo,</strong></span> <span class='ocrx_word' id='word_1_37' title='bbox 495 1031 520 1073; x_wconf 85' lang='lat' dir='ltr'><strong>et</strong></span> <span class='ocrx_word' id='word_1_38' title='bbox 530 1023 639 1073; x_wconf 82' lang='lat' dir='ltr'><strong>discincti</strong></span> <span class='ocrx_word' id='word_1_39' title='bbox 649 1021 743 1080; x_wconf 90' lang='lat' dir='ltr'><strong>ludere,</strong></span> <span class='ocrx_word' id='word_1_40' title='bbox 754 1021 830 1069; x_wconf 88' lang='lat' dir='ltr'><strong>donec</strong></span> 
     </span>
     <span class='ocr_line' id='line_1_7' title="bbox 257 1108 1001 1175; baseline -0.005 -15"><span class='ocrx_word' id='word_1_41' title='bbox 257 1114 434 1175; x_wconf 85' lang='lat' dir='ltr'><strong>Decoqueretur</strong></span> <span class='ocrx_word' id='word_1_42' title='bbox 445 1115 510 1173; x_wconf 91' lang='lat' dir='ltr'><strong>olus,</strong></span> <span class='ocrx_word' id='word_1_43' title='bbox 523 1113 597 1162; x_wconf 90' lang='lat' dir='ltr'><strong>soliti.</strong></span> <span class='ocrx_word' id='word_1_44' title='bbox 631 1109 750 1172; x_wconf 85' lang='lat' dir='ltr'><strong>Quicquid</strong></span> <span class='ocrx_word' id='word_1_45' title='bbox 761 1123 815 1157; x_wconf 89' lang='lat' dir='ltr'><strong>sum</strong></span> <span class='ocrx_word' id='word_1_46' title='bbox 826 1119 881 1169; x_wconf 85' lang='lat' dir='ltr'><strong>ego,</strong></span> <span class='ocrx_word' id='word_1_47' title='bbox 892 1108 1001 1170; x_wconf 78' lang='lat' dir='ltr'><strong>quemvis</strong></span> 
     </span>
     <span class='ocr_line' id='line_1_8' title="bbox 256 1183 860 1264; baseline -0.003 -14"><span class='ocrx_word' id='word_1_48' title='bbox 256 1203 324 1251; x_wconf 87' lang='lat' dir='ltr'><strong>lnfra</strong></span> <span class='ocrx_word' id='word_1_49' title='bbox 340 1201 417 1252; x_wconf 82' lang='lat' dir='ltr'><strong>Lucili</strong></span> <span class='ocrx_word' id='word_1_50' title='bbox 427 1183 526 1253; x_wconf 85' lang='lat' dir='ltr'><strong>censum</strong></span> <span class='ocrx_word' id='word_1_51' title='bbox 538 1201 717 1264; x_wconf 73' lang='lat' dir='ltr'><strong>ingeniumque,</strong></span> <span class='ocrx_word' id='word_1_52' title='bbox 729 1207 809 1248; x_wconf 85' lang='lat' dir='ltr'><strong>tamen</strong></span> <span class='ocrx_word' id='word_1_53' title='bbox 821 1212 860 1248; x_wconf 86' lang='lat' dir='ltr'><strong>me</strong></span> 
     </span>
    </p>

    <p class='ocr_par' dir='ltr' id='par_1_5' title="bbox 257 1290 819 1353">
     <span class='ocr_line' id='line_1_9' title="bbox 257 1290 819 1353; baseline -0.009 -12"><span class='ocrx_word' id='word_1_54' title='bbox 257 1293 319 1341; x_wconf 87' lang='lat' dir='ltr'><strong>Cum</strong></span> <span class='ocrx_word' id='word_1_55' title='bbox 331 1293 423 1353; x_wconf 85' lang='lat' dir='ltr'><strong>magnis</strong></span> <span class='ocrx_word' id='word_1_56' title='bbox 433 1293 522 1341; x_wconf 82' lang='lat' dir='ltr'><strong>vixisse</strong></span> <span class='ocrx_word' id='word_1_57' title='bbox 533 1291 608 1340; x_wconf 83' lang='lat' dir='ltr'><strong>invita</strong></span> <span class='ocrx_word' id='word_1_58' title='bbox 620 1290 733 1340; x_wconf 75' lang='lat' dir='ltr'><strong>fatebitur</strong></span> <span class='ocrx_word' id='word_1_59' title='bbox 742 1303 819 1350; x_wconf 90' lang='lat' dir='ltr'><strong>usque</strong></span> 
     </span>
    </p>

    <p class='ocr_par' dir='ltr' id='par_1_6' title="bbox 258 1376 830 1441">
     <span class='ocr_line' id='line_1_10' title="bbox 258 1376 830 1441; baseline -0.002 -14"><span class='ocrx_word' id='word_1_60' title='bbox 258 1380 360 1440; x_wconf 83' lang='lat' dir='ltr'><strong>invidia,</strong></span> <span class='ocrx_word' id='word_1_61' title='bbox 372 1389 397 1428; x_wconf 90' lang='lat' dir='ltr'><strong>et</strong></span> <span class='ocrx_word' id='word_1_62' title='bbox 408 1381 487 1441; x_wconf 77' lang='lat' dir='ltr'><strong>fragili</strong></span> <span class='ocrx_word' id='word_1_63' title='bbox 498 1393 607 1441; x_wconf 84' lang='lat' dir='ltr'><strong>quaerens</strong></span> <span class='ocrx_word' id='word_1_64' title='bbox 618 1378 712 1427; x_wconf 88' lang='lat' dir='ltr'><strong>illidere</strong></span> <span class='ocrx_word' id='word_1_65' title='bbox 724 1376 830 1436; x_wconf 88' lang='lat' dir='ltr'><strong>dentem,</strong></span> 
     </span>
    </p>

    <p class='ocr_par' dir='ltr' id='par_1_7' title="bbox 256 1466 966 1706">
     <span class='ocr_line' id='line_1_11' title="bbox 258 1466 877 1528; baseline -0.003 -11"><span class='ocrx_word' id='word_1_66' title='bbox 258 1469 371 1517; x_wconf 81' lang='lat' dir='ltr'><strong>Offendet</strong></span> <span class='ocrx_word' id='word_1_67' title='bbox 381 1469 468 1518; x_wconf 88' lang='lat' dir='ltr'><strong>solido.</strong></span> <span class='ocrx_word' id='word_1_68' title='bbox 501 1469 555 1516; x_wconf 90' lang='lat' dir='ltr'><strong>Nisi</strong></span> <span class='ocrx_word' id='word_1_69' title='bbox 567 1467 624 1528; x_wconf 92' lang='lat' dir='ltr'><strong>qnid</strong></span> <span class='ocrx_word' id='word_1_70' title='bbox 635 1475 673 1528; x_wconf 91' lang='lat' dir='ltr'><strong>tu,</strong></span> <span class='ocrx_word' id='word_1_71' title='bbox 688 1467 758 1515; x_wconf 86' lang='lat' dir='ltr'><strong>docte</strong></span> <span class='ocrx_word' id='word_1_72' title='bbox 768 1466 877 1526; x_wconf 82' lang='lat' dir='ltr'><strong>Trebati,</strong></span> 
     </span>
     <span class='ocr_line' id='line_1_12' title="bbox 256 1555 966 1618; baseline -0.003 -13"><span class='ocrx_word' id='word_1_73' title='bbox 256 1556 384 1608; x_wconf 85' lang='lat' dir='ltr'><strong>Dissentis.</strong></span> <span class='ocrx_word' id='word_1_74' title='bbox 416 1559 437 1613; x_wconf 70' lang='lat' dir='ltr'><strong>ii</strong></span> <span class='ocrx_word' id='word_1_75' title='bbox 443 1556 561 1618; x_wconf 85' lang='lat' dir='ltr'><strong>Equidem</strong></span> <span class='ocrx_word' id='word_1_76' title='bbox 572 1555 634 1604; x_wconf 91' lang='lat' dir='ltr'><strong>nihil</strong></span> <span class='ocrx_word' id='word_1_77' title='bbox 645 1556 703 1604; x_wconf 89' lang='lat' dir='ltr'><strong>hinc</strong></span> <span class='ocrx_word' id='word_1_78' title='bbox 714 1556 848 1618; x_wconf 81' lang='lat' dir='ltr'><strong>defringere</strong></span> <span class='ocrx_word' id='word_1_79' title='bbox 859 1570 966 1618; x_wconf 85' lang='lat' dir='ltr'><strong>possum.</strong></span> 
     </span>
     <span class='ocr_line' id='line_1_13' title="bbox 257 1641 861 1706; baseline -0.002 -12"><span class='ocrx_word' id='word_1_80' title='bbox 257 1645 304 1694; x_wconf 90' lang='lat' dir='ltr'><strong>Sed</strong></span> <span class='ocrx_word' id='word_1_81' title='bbox 316 1653 397 1694; x_wconf 88' lang='lat' dir='ltr'><strong>tamen</strong></span> <span class='ocrx_word' id='word_1_82' title='bbox 407 1653 435 1694; x_wconf 90' lang='lat' dir='ltr'><strong>ut</strong></span> <span class='ocrx_word' id='word_1_83' title='bbox 445 1645 552 1694; x_wconf 85' lang='lat' dir='ltr'><strong>monitus</strong></span> <span class='ocrx_word' id='word_1_84' title='bbox 563 1659 655 1705; x_wconf 87' lang='lat' dir='ltr'><strong>caveas,</strong></span> <span class='ocrx_word' id='word_1_85' title='bbox 667 1659 698 1694; x_wconf 91' lang='lat' dir='ltr'><strong>ne</strong></span> <span class='ocrx_word' id='word_1_86' title='bbox 709 1645 772 1693; x_wconf 89' lang='lat' dir='ltr'><strong>forte</strong></span> <span class='ocrx_word' id='word_1_87' title='bbox 780 1641 861 1706; x_wconf 84' lang='lat' dir='ltr'><strong>negoti</strong></span> 
     </span>
    </p>

    <p class='ocr_par' dir='ltr' id='par_1_8' title="bbox 257 1735 843 1798">
     <span class='ocr_line' id='line_1_14' title="bbox 257 1735 843 1798; baseline 0 -16"><span class='ocrx_word' id='word_1_88' title='bbox 257 1735 361 1784; x_wconf 86' lang='lat' dir='ltr'><strong>Incutiat</strong></span> <span class='ocrx_word' id='word_1_89' title='bbox 370 1735 414 1785; x_wconf 89' lang='lat' dir='ltr'><strong>tibi</strong></span> <span class='ocrx_word' id='word_1_90' title='bbox 425 1735 483 1798; x_wconf 90' lang='lat' dir='ltr'><strong>quid</strong></span> <span class='ocrx_word' id='word_1_91' title='bbox 493 1744 629 1786; x_wconf 86' lang='lat' dir='ltr'><strong>sanctarum</strong></span> <span class='ocrx_word' id='word_1_92' title='bbox 640 1735 736 1784; x_wconf 84' lang='lat' dir='ltr'><strong>inscitia</strong></span> <span class='ocrx_word' id='word_1_93' title='bbox 750 1737 843 1797; x_wconf 83' lang='lat' dir='ltr'><strong>legum:</strong></span> 
     </span>
    </p>

    <p class='ocr_par' dir='ltr' id='par_1_9' title="bbox 255 1810 1001 1976">
     <span class='ocr_line' id='line_1_15' title="bbox 257 1810 909 1887; baseline -0.003 -15"><span class='ocrx_word' id='word_1_94' title='bbox 257 1823 283 1872; x_wconf 90' lang='lat' dir='ltr'><strong>Si</strong></span> <span class='ocrx_word' id='word_1_95' title='bbox 295 1825 359 1872; x_wconf 86' lang='lat' dir='ltr'><strong>mala</strong></span> <span class='ocrx_word' id='word_1_96' title='bbox 366 1825 501 1874; x_wconf 87' lang='lat' dir='ltr'><strong>condiderit</strong></span> <span class='ocrx_word' id='word_1_97' title='bbox 511 1825 537 1874; x_wconf 92' lang='lat' dir='ltr'><strong>in</strong></span> <span class='ocrx_word' id='word_1_98' title='bbox 548 1839 619 1887; x_wconf 90' lang='lat' dir='ltr'><strong>quern</strong></span> <span class='ocrx_word' id='word_1_99' title='bbox 630 1824 683 1886; x_wconf 85' lang='lat' dir='ltr'><strong>quis</strong></span> <span class='ocrx_word' id='word_1_100' title='bbox 694 1823 811 1883; x_wconf 86' lang='lat' dir='ltr'><strong>carmina,</strong></span> <span class='ocrx_word' id='word_1_101' title='bbox 820 1825 861 1884; x_wconf 87' lang='lat' dir='ltr'><strong>jus</strong></span> <span class='ocrx_word' id='word_1_102' title='bbox 872 1810 909 1874; x_wconf 88' lang='lat' dir='ltr'><strong>est</strong></span> 
     </span>
     <span class='ocr_line' id='line_1_16' title="bbox 255 1899 1001 1976; baseline -0.001 -15"><span class='ocrx_word' id='word_1_103' title='bbox 255 1911 433 1975; x_wconf 81' lang='lat' dir='ltr'><strong>¹iudiciumque.</strong></span> <span class='ocrx_word' id='word_1_104' title='bbox 466 1916 486 1971; x_wconf 70' lang='lat' dir='ltr'><strong>il</strong></span> <span class='ocrx_word' id='word_1_105' title='bbox 493 1915 563 1974; x_wconf 87' lang='lat' dir='ltr'><strong>Esto,</strong></span> <span class='ocrx_word' id='word_1_106' title='bbox 575 1914 595 1962; x_wconf 88' lang='lat' dir='ltr'><strong>si</strong></span> <span class='ocrx_word' id='word_1_107' title='bbox 607 1913 660 1976; x_wconf 89' lang='lat' dir='ltr'><strong>quis</strong></span> <span class='ocrx_word' id='word_1_108' title='bbox 669 1899 753 1974; x_wconf 41' lang='lat' dir='ltr'><strong>&#39;mala3</strong></span> <span class='ocrx_word' id='word_1_109' title='bbox 771 1912 813 1960; x_wconf 84' lang='lat' dir='ltr'><strong>sed</strong></span> <span class='ocrx_word' id='word_1_110' title='bbox 824 1913 889 1961; x_wconf 89' lang='lat' dir='ltr'><strong>bona</strong></span> <span class='ocrx_word' id='word_1_111' title='bbox 899 1912 919 1961; x_wconf 89' lang='lat' dir='ltr'><strong>si</strong></span> <span class='ocrx_word' id='word_1_112' title='bbox 931 1911 983 1974; x_wconf 89' lang='lat' dir='ltr'><strong>quis</strong></span> <span class='ocrx_word' id='word_1_113' title='bbox 997 1913 1001 1922; x_wconf 90' lang='lat'>&#39;</span> 
     </span>
    </p>
   </div>
   <div class='ocr_carea' id='block_1_3' title="bbox 168 1989 842 2242">
    <p class='ocr_par' dir='ltr' id='par_1_10' title="bbox 168 1989 842 2242">
     <span class='ocr_line' id='line_1_17' title="bbox 168 1989 836 2064; baseline 0 -15"><span class='ocrx_word' id='word_1_114' title='bbox 168 1989 174 1996; x_wconf 75' lang='grc'><strong>’</strong></span> <span class='ocrx_word' id='word_1_115' title='bbox 256 2001 342 2050; x_wconf 87' lang='lat' dir='ltr'><strong>Judice</strong></span> <span class='ocrx_word' id='word_1_116' title='bbox 352 2002 487 2051; x_wconf 89' lang='lat' dir='ltr'><strong>condiderit</strong></span> <span class='ocrx_word' id='word_1_117' title='bbox 496 2003 606 2052; x_wconf 79' lang='lat' dir='ltr'><strong>laudatus</strong></span> <span class='ocrx_word' id='word_1_118' title='bbox 619 2003 732 2052; x_wconf 83' lang='lat' dir='ltr'><strong>Caesare?</strong></span> <span class='ocrx_word' id='word_1_119' title='bbox 752 2001 836 2064; x_wconf 86' lang='lat' dir='ltr'><strong>siquis</strong></span> 
     </span>
     <span class='ocr_line' id='line_1_18' title="bbox 259 2091 842 2153; baseline -0.002 -14"><span class='ocrx_word' id='word_1_120' title='bbox 259 2091 402 2152; x_wconf 85' lang='lat' dir='ltr'><strong>Opprobriis</strong></span> <span class='ocrx_word' id='word_1_121' title='bbox 413 2092 512 2153; x_wconf 90' lang='lat' dir='ltr'><strong>dignum</strong></span> <span class='ocrx_word' id='word_1_122' title='bbox 524 2091 656 2151; x_wconf 76' lang='lat' dir='ltr'><strong>lauaverit,</strong></span> <span class='ocrx_word' id='word_1_123' title='bbox 668 2091 759 2152; x_wconf 79' lang='lat' dir='ltr'><strong>integer</strong></span> <span class='ocrx_word' id='word_1_124' title='bbox 771 2091 842 2153; x_wconf 86' lang='lat' dir='ltr'><strong>ipse?</strong></span> 
     </span>
     <span class='ocr_line' id='line_1_19' title="bbox 259 2179 832 2242; baseline -0.002 -14"><span class='ocrx_word' id='word_1_125' title='bbox 259 2179 416 2234; x_wconf 80' lang='lat' dir='ltr'><strong>iiSolventur</strong></span> <span class='ocrx_word' id='word_1_126' title='bbox 426 2180 477 2228; x_wconf 89' lang='lat' dir='ltr'><strong>risu</strong></span> <span class='ocrx_word' id='word_1_127' title='bbox 488 2181 592 2242; x_wconf 84' lang='lat' dir='ltr'><strong>tabulae;</strong></span> <span class='ocrx_word' id='word_1_128' title='bbox 610 2187 636 2227; x_wconf 87' lang='lat' dir='ltr'><strong>tu</strong></span> <span class='ocrx_word' id='word_1_129' title='bbox 647 2181 736 2229; x_wconf 90' lang='lat' dir='ltr'><strong>missus</strong></span> <span class='ocrx_word' id='word_1_130' title='bbox 747 2179 832 2229; x_wconf 88' lang='lat' dir='ltr'><strong>abibis.</strong></span> 
     </span>
    </p>
   </div>
   <div class='ocr_carea' id='block_1_4' title="bbox 575 2435 743 2486">
    <p class='ocr_par' dir='ltr' id='par_1_11' title="bbox 575 2435 743 2486">
     <span class='ocr_line' id='line_1_20' title="bbox 575 2435 743 2486; baseline -0.012 -2"><span class='ocrx_word' id='word_1_131' title='bbox 575 2437 694 2486; x_wconf 86' lang='lat' dir='ltr'>SATIRA</span> <span class='ocrx_word' id='word_1_132' title='bbox 711 2435 743 2482; x_wconf 92' lang='lat'><strong>11.</strong></span> 
     </span>
    </p>
   </div>
   <div class='ocr_carea' id='block_1_5' title="bbox 256 2597 1049 3210">
    <p class='ocr_par' dir='ltr' id='par_1_12' title="bbox 256 2597 1049 2934">
     <span class='ocr_line' id='line_1_21' title="bbox 256 2597 850 2666; baseline 0.002 -16"><span class='ocrx_word' id='word_1_133' title='bbox 256 2599 318 2650; x_wconf 78' lang='lat' dir='ltr'><strong>Qun</strong></span> <span class='ocrx_word' id='word_1_134' title='bbox 331 2597 406 2647; x_wconf 84' lang='lat' dir='ltr'><strong>virtus</strong></span> <span class='ocrx_word' id='word_1_135' title='bbox 417 2606 442 2648; x_wconf 87' lang='lat' dir='ltr'><strong>et</strong></span> <span class='ocrx_word' id='word_1_136' title='bbox 452 2611 551 2662; x_wconf 82' lang='lat' dir='ltr'><strong>quanta,</strong></span> <span class='ocrx_word' id='word_1_137' title='bbox 563 2604 631 2664; x_wconf 89' lang='lat' dir='ltr'><strong>boni,</strong></span> <span class='ocrx_word' id='word_1_138' title='bbox 644 2605 676 2653; x_wconf 88' lang='lat' dir='ltr'><strong>sit</strong></span> <span class='ocrx_word' id='word_1_139' title='bbox 685 2605 764 2654; x_wconf 88' lang='lat' dir='ltr'><strong>vivere</strong></span> <span class='ocrx_word' id='word_1_140' title='bbox 777 2617 850 2666; x_wconf 87' lang='lat' dir='ltr'><strong>parvo</strong></span> 
     </span>
     <span class='ocr_line' id='line_1_22' title="bbox 261 2688 1049 2755; baseline 0.006 -20"><span class='ocrx_word' id='word_1_141' title='bbox 261 2689 323 2751; x_wconf 81' lang='lat' dir='ltr'><strong>(Nec</strong></span> <span class='ocrx_word' id='word_1_142' title='bbox 335 2702 402 2737; x_wconf 90' lang='lat' dir='ltr'><strong>meus</strong></span> <span class='ocrx_word' id='word_1_143' title='bbox 412 2688 453 2738; x_wconf 89' lang='lat' dir='ltr'><strong>hic</strong></span> <span class='ocrx_word' id='word_1_144' title='bbox 463 2704 542 2740; x_wconf 88' lang='lat' dir='ltr'><strong>sermo</strong></span> <span class='ocrx_word' id='word_1_145' title='bbox 553 2700 600 2752; x_wconf 88' lang='lat' dir='ltr'><strong>est,</strong></span> <span class='ocrx_word' id='word_1_146' title='bbox 612 2691 654 2740; x_wconf 88' lang='lat' dir='ltr'><strong>sed</strong></span> <span class='ocrx_word' id='word_1_147' title='bbox 664 2707 716 2753; x_wconf 80' lang='lat' dir='ltr'><strong>quae</strong></span> <span class='ocrx_word' id='word_1_148' title='bbox 727 2692 840 2755; x_wconf 80' lang='lat' dir='ltr'><strong>praecepit</strong></span> <span class='ocrx_word' id='word_1_149' title='bbox 851 2691 947 2742; x_wconf 84' lang='lat' dir='ltr'><strong>Ofellus</strong></span> <span class='ocrx_word' id='word_1_150' title='bbox 1042 2719 1049 2740; x_wconf 69' lang='lat' dir='ltr'><strong>r</strong></span> 
     </span>
     <span class='ocr_line' id='line_1_23' title="bbox 256 2779 897 2844; baseline 0.005 -18"><span class='ocrx_word' id='word_1_151' title='bbox 256 2779 367 2828; x_wconf 88' lang='lat' dir='ltr'><strong>Rusticus</strong></span> <span class='ocrx_word' id='word_1_152' title='bbox 371 2814 378 2839; x_wconf 92' lang='lat'>‚</span> <span class='ocrx_word' id='word_1_153' title='bbox 390 2780 513 2828; x_wconf 82' lang='lat' dir='ltr'><strong>abnormis</strong></span> <span class='ocrx_word' id='word_1_154' title='bbox 524 2781 629 2844; x_wconf 87' lang='lat' dir='ltr'><strong>sapiens,</strong></span> <span class='ocrx_word' id='word_1_155' title='bbox 641 2795 766 2843; x_wconf 84' lang='lat' dir='ltr'><strong>crassaque</strong></span> <span class='ocrx_word' id='word_1_156' title='bbox 777 2779 897 2842; x_wconf 86' lang='lat' dir='ltr'><strong>Minerva)</strong></span> 
     </span>
     <span class='ocr_line' id='line_1_24' title="bbox 257 2867 864 2934; baseline 0.008 -19"><span class='ocrx_word' id='word_1_157' title='bbox 257 2867 360 2929; x_wconf 84' lang='lat' dir='ltr'><strong>Discite,</strong></span> <span class='ocrx_word' id='word_1_158' title='bbox 371 2883 419 2918; x_wconf 90' lang='lat' dir='ltr'><strong>non</strong></span> <span class='ocrx_word' id='word_1_159' title='bbox 432 2869 496 2918; x_wconf 83' lang='lat' dir='ltr'><strong>inter</strong></span> <span class='ocrx_word' id='word_1_160' title='bbox 504 2871 583 2920; x_wconf 87' lang='lat' dir='ltr'><strong>lances</strong></span> <span class='ocrx_word' id='word_1_161' title='bbox 596 2884 738 2932; x_wconf 86' lang='lat' dir='ltr'><strong>mensasque</strong></span> <span class='ocrx_word' id='word_1_162' title='bbox 748 2870 864 2934; x_wconf 86' lang='lat' dir='ltr'><strong>nitentes,</strong></span> 
     </span>
    </p>

    <p class='ocr_par' dir='ltr' id='par_1_13' title="bbox 257 2959 849 3111">
     <span class='ocr_line' id='line_1_25' title="bbox 259 2959 849 3021; baseline 0.01 -17"><span class='ocrx_word' id='word_1_163' title='bbox 259 2959 321 3005; x_wconf 89' lang='lat' dir='ltr'><strong>Cum</strong></span> <span class='ocrx_word' id='word_1_164' title='bbox 333 2965 412 3021; x_wconf 86' lang='lat' dir='ltr'><strong>stupet</strong></span> <span class='ocrx_word' id='word_1_165' title='bbox 422 2959 513 3008; x_wconf 88' lang='lat' dir='ltr'><strong>insanis</strong></span> <span class='ocrx_word' id='word_1_166' title='bbox 525 2960 588 3010; x_wconf 82' lang='lat' dir='ltr'><strong>acies</strong></span> <span class='ocrx_word' id='word_1_167' title='bbox 599 2959 744 3020; x_wconf 87' lang='lat' dir='ltr'><strong>fulgoribus,</strong></span> <span class='ocrx_word' id='word_1_168' title='bbox 759 2968 849 3010; x_wconf 87' lang='lat' dir='ltr'><strong>etcum</strong></span> 
     </span>
     <span class='ocr_line' id='line_1_26' title="bbox 257 3044 787 3111; baseline 0.013 -20"><span class='ocrx_word' id='word_1_169' title='bbox 257 3044 367 3094; x_wconf 87' lang='lat' dir='ltr'><strong>Adelinis</strong></span> <span class='ocrx_word' id='word_1_170' title='bbox 377 3045 444 3096; x_wconf 86' lang='lat' dir='ltr'><strong>falsis</strong></span> <span class='ocrx_word' id='word_1_171' title='bbox 455 3047 550 3097; x_wconf 81' lang='lat' dir='ltr'><strong>animm</strong></span> <span class='ocrx_word' id='word_1_172' title='bbox 562 3047 664 3097; x_wconf 88' lang='lat' dir='ltr'><strong>meliora</strong></span> <span class='ocrx_word' id='word_1_173' title='bbox 675 3051 787 3111; x_wconf 79' lang='lat' dir='ltr'><strong>recusat3</strong></span> 
     </span>
    </p>

    <p class='ocr_par' dir='ltr' id='par_1_14' title="bbox 258 3135 962 3210">
     <span class='ocr_line' id='line_1_27' title="bbox 258 3135 962 3210; baseline 0.006 -28"><span class='ocrx_word' id='word_1_174' title='bbox 258 3135 348 3183; x_wconf 89' lang='lat' dir='ltr'><strong>Verum</strong></span> <span class='ocrx_word' id='word_1_175' title='bbox 359 3135 398 3185; x_wconf 90' lang='lat' dir='ltr'><strong>hic</strong></span> <span class='ocrx_word' id='word_1_176' title='bbox 409 3136 526 3210; x_wconf 83' lang='lat' dir='ltr'><strong>impransi</strong></span> <span class='ocrx_word' id='word_1_177' title='bbox 536 3153 632 3189; x_wconf 89' lang='lat' dir='ltr'><strong>mecum</strong></span> <span class='ocrx_word' id='word_1_178' title='bbox 642 3138 774 3204; x_wconf 87' lang='lat' dir='ltr'><strong>disquirite.</strong></span> <span class='ocrx_word' id='word_1_179' title='bbox 807 3141 827 3196; x_wconf 72' lang='lat' dir='ltr'><strong>tl</strong></span> <span class='ocrx_word' id='word_1_180' title='bbox 836 3139 885 3188; x_wconf 86' lang='lat' dir='ltr'><strong>Cur</strong></span> <span class='ocrx_word' id='word_1_181' title='bbox 896 3137 962 3186; x_wconf 85' lang='lat' dir='ltr'><strong>hoc?</strong></span> 
     </span>
    </p>
   </div>
   <div class='ocr_carea' id='block_1_6' title="bbox 0 0 1223 3874">
    <p class='ocr_par' dir='ltr' id='par_1_15' title="bbox 0 0 1223 3874">
     <span class='ocr_line' id='line_1_28' title="bbox 0 0 1223 3874; baseline 0 0"><span class='ocrx_word' id='word_1_182' title='bbox 0 0 1223 3874; x_wconf 95' lang='lat' dir='ltr'><strong> </strong></span> 
     </span>
    </p>
   </div>
  </div>
 </body>
</html>
