2438 3860
418 653 420 658 ,
446 605 585 664 EPODON
598 611 707 668 LIBER.

278 722 311 771 nr
325 725 403 777 onon
412 729 682 803 andrunnun
723 733 725 740 '
763 760 766 766 ,
868 733 872 738 “

263 792 268 804 ¹
310 819 343 868 Et
353 834 427 872 omne
437 825 543 879 vicinum
555 834 687 896 oppidum:
724 845 726 850 '

278 907 337 960 Quae
350 909 429 981 sidera
440 925 567 967 excantata
577 936 635 972 vene
646 926 765 976 Thessala
776 937 778 940 “

311 998 453 1062 Lunamque
464 1007 528 1053 coelo
540 1007 635 1072 deripit.
694 1022 699 1028 “

275 1083 321 1132 Hic
333 1085 472 1137 inresectum
485 1107 548 1140 saeva
558 1096 631 1144 dente
641 1097 716 1149 livido

307 1174 409 1224 Canidia
420 1177 508 1228 rodens
520 1183 643 1245 pollicem,

275 1259 340 1314 Quid
351 1261 431 1312 dixit?
451 1275 492 1315 aut
503 1269 561 1330 quid
571 1272 666 1323 tacuit?
703 1277 725 1326 0
740 1281 813 1331 rebus
828 1275 888 1336 meis

309 1350 367 1398 Non
380 1350 491 1404 infideles
504 1357 611 1420 arbitrae,
679 1393 683 1400 ι

281 1437 349 1498 Nox,
361 1446 386 1487 et
396 1441 476 1492 Diana
485 1459 539 1506 quae
550 1447 673 1499 silentium
685 1454 758 1516 regin,

306 1527 403 1576 Arcana
414 1544 470 1578 curn
482 1533 545 1583 liunt
555 1549 639 1600 sacra3

273 1614 354 1676 Nunc,
366 1631 431 1668 nnnc
442 1621 538 1672 adeste:
556 1641 621 1676 nunc
633 1628 659 1678 in
671 1630 772 1683 hostiles
784 1635 869 1688 domos
938 1646 946 1660 ·

309 1705 373 1754 Iram
385 1715 456 1769 atque
468 1692 559 1760 numen
573 1717 675 1766 vertite:
733 1739 735 1746 ¹

276 1791 449 1844 Formidolosae
461 1797 519 1846 dnm
531 1801 608 1851 latent
619 1804 685 1854 silvis
697 1807 765 1868 rerae,'

309 1882 381 1930 Dulei
393 1898 480 1947 sopore
491 1888 621 1951 languidae,
685 1917 697 1928 ·
781 1906 785 1913 ·

276 1969 364 2018 Senem
380 1971 454 2034 (quod
466 1988 550 2022 omnes
563 1977 667 2040 rideant)
681 1981 818 2036 adulterum

309 2058 409 2107 Latreut
420 2061 554 2110 Suburanae
566 2077 648 2126 canes,

256 2207 259 2212 ¹
277 2145 360 2195 Nardo
371 2157 525 2210 perunetum,
536 2153 608 2213 vquale
620 2167 670 2202 non
681 2157 811 2218 perfectius

309 2235 373 2284 Meae
385 2237 520 2287 laborarint
532 2255 626 2290 manus.

213 2295 215 2301 ’
277 2322 454 2376 ananum?
470 2313 701 2382 'urrunnu-narn
713 2335 793 2386 minus

278 2427 280 2432 ·
312 2411 413 2459 Venena
422 2414 516 2462 Medeae
527 2418 618 2478 valent,

279 2499 371 2553 Quibus
383 2505 510 2564 superbam
523 2507 585 2568 fugit
594 2510 647 2558 ulte
657 2511 779 2576 pellicem,

312 2589 396 2650 Magni
409 2591 521 2641 Creontis
536 2594 621 2657 filiam,

283 2677 344 2725 Cum
355 2680 430 2740 palla,
443 2681 498 2729 tabo
510 2696 599 2732 munus
611 2683 741 2752 imbutum,
754 2704 841 2742 novam

316 2766 430 2815 lucendio
442 2777 543 2831 nuptam
554 2772 673 2820 abstrdit?
743 2797 747 2806 =

281 2853 355 2914 Atqui
367 2869 410 2902 nec
421 2857 496 2905 herba
507 2872 551 2906 nec
561 2861 639 2908 latens
651 2860 676 2909 in
688 2864 778 2926 asperis

317 2942 394 2990 Radix
405 2943 491 2995 fefellit
502 2961 541 2996 me
552 2947 621 2997 locis.

284 3026 403 3098 indormit
413 3031 491 3080 undis
502 3035 613 3086 omnium
624 3036 742 3086 eubilibus

316 3115 577 3183 Oblivionepellieum.
