<?xml version="1.0" encoding="UTF-8"?>
<!DOCTYPE html PUBLIC "-//W3C//DTD XHTML 1.0 Transitional//EN"
    "http://www.w3.org/TR/xhtml1/DTD/xhtml1-transitional.dtd">
<html xmlns="http://www.w3.org/1999/xhtml" xml:lang="en" lang="en">
 <head>
  <title>
</title>
<meta http-equiv="Content-Type" content="text/html;charset=utf-8" />
  <meta name='ocr-system' content='tesseract 3.04.00' />
  <meta name='ocr-capabilities' content='ocr_page ocr_carea ocr_par ocr_line ocrx_word'/>
</head>
<body>
  <div class='ocr_page' id='page_1' title='image "./opera00gesngoog_0116.png"; bbox 0 0 2438 3860; ppageno 0'>
   <div class='ocr_carea' id='block_1_1' title="bbox 370 501 765 577">
    <p class='ocr_par' dir='ltr' id='par_1_1' title="bbox 370 501 765 577">
     <span class='ocr_line' id='line_1_1' title="bbox 370 501 765 577; baseline -0.02 0"><span class='ocrx_word' id='word_1_1' title='bbox 370 525 553 577; x_wconf 63' lang='lat' dir='ltr'>cremnon</span> <span class='ocrx_word' id='word_1_2' title='bbox 572 525 634 572; x_wconf 82' lang='lat' dir='ltr'>uin.</span> <span class='ocrx_word' id='word_1_3' title='bbox 652 524 697 571; x_wconf 92' lang='lat'><em>111.</em></span> <span class='ocrx_word' id='word_1_4' title='bbox 713 501 765 570; x_wconf 75' lang='lat' dir='ltr'>xii.</span> 
     </span>
    </p>
   </div>
   <div class='ocr_carea' id='block_1_2' title="bbox 296 650 863 894">
    <p class='ocr_par' dir='ltr' id='par_1_2' title="bbox 296 650 863 894">
     <span class='ocr_line' id='line_1_2' title="bbox 297 650 724 715; baseline -0.012 -11"><span class='ocrx_word' id='word_1_5' title='bbox 297 655 408 715; x_wconf 86' lang='lat' dir='ltr'>Interim,</span> <span class='ocrx_word' id='word_1_6' title='bbox 419 655 477 702; x_wconf 87' lang='lat' dir='ltr'>dum</span> <span class='ocrx_word' id='word_1_7' title='bbox 488 661 516 702; x_wconf 87' lang='lat' dir='ltr'>tu</span> <span class='ocrx_word' id='word_1_8' title='bbox 525 653 616 702; x_wconf 79' lang='lat' dir='ltr'>celeres</span> <span class='ocrx_word' id='word_1_9' title='bbox 627 650 724 712; x_wconf 74' lang='lat' dir='ltr'>sagittas</span> 
     </span>
     <span class='ocr_line' id='line_1_3' title="bbox 298 738 863 818; baseline -0.011 -27"><span class='ocrx_word' id='word_1_10' title='bbox 298 744 404 803; x_wconf 80' lang='lat' dir='ltr'>Promis,</span> <span class='ocrx_word' id='word_1_11' title='bbox 415 743 467 792; x_wconf 80' lang='lat' dir='ltr'>haec</span> <span class='ocrx_word' id='word_1_12' title='bbox 479 740 562 790; x_wconf 87' lang='lat' dir='ltr'>dentes</span> <span class='ocrx_word' id='word_1_13' title='bbox 574 738 639 789; x_wconf 80' lang='lat' dir='ltr'><strong>acuit</strong></span> <span class='ocrx_word' id='word_1_14' title='bbox 648 738 788 798; x_wconf 85' lang='lat' dir='ltr'>timendos;</span> <span class='ocrx_word' id='word_1_15' title='bbox 859 812 863 818; x_wconf 31' lang='grc' dir='ltr'>Ι</span> 
     </span>
     <span class='ocr_line' id='line_1_4' title="bbox 296 826 732 894; baseline -0.011 -15"><span class='ocrx_word' id='word_1_16' title='bbox 296 831 394 880; x_wconf 83' lang='lat' dir='ltr'><strong>Arbiter</strong></span> <span class='ocrx_word' id='word_1_17' title='bbox 406 844 492 894; x_wconf 74' lang='lat' dir='ltr'>pugne</span> <span class='ocrx_word' id='word_1_18' title='bbox 502 828 612 892; x_wconf 85' lang='lat' dir='ltr'>posuisse</span> <span class='ocrx_word' id='word_1_19' title='bbox 623 826 690 876; x_wconf 89' lang='lat' dir='ltr'>nudo</span> <span class='ocrx_word' id='word_1_20' title='bbox 730 872 732 874; x_wconf 84' lang='lat'>.</span> 
     </span>
    </p>
   </div>
   <div class='ocr_carea' id='block_1_3' title="bbox 426 915 664 980">
    <p class='ocr_par' dir='ltr' id='par_1_3' title="bbox 426 915 664 980">
     <span class='ocr_line' id='line_1_5' title="bbox 426 915 664 980; baseline -0.021 -13"><span class='ocrx_word' id='word_1_21' title='bbox 426 915 664 980; x_wconf 73' lang='lat' dir='ltr'>cunperepumam</span> 
     </span>
    </p>
   </div>
   <div class='ocr_carea' id='block_1_4' title="bbox 298 1087 794 1414">
    <p class='ocr_par' dir='ltr' id='par_1_4' title="bbox 298 1087 694 1150">
     <span class='ocr_line' id='line_1_6' title="bbox 298 1087 694 1150; baseline -0.018 -10"><span class='ocrx_word' id='word_1_22' title='bbox 298 1093 395 1150; x_wconf 82' lang='lat' dir='ltr'><strong>Fertur,</strong></span> <span class='ocrx_word' id='word_1_23' title='bbox 407 1096 432 1138; x_wconf 87' lang='lat' dir='ltr'>et</span> <span class='ocrx_word' id='word_1_24' title='bbox 442 1087 493 1136; x_wconf 91' lang='lat' dir='ltr'>leni</span> <span class='ocrx_word' id='word_1_25' title='bbox 504 1100 613 1136; x_wconf 82' lang='lat' dir='ltr'>recreare</span> <span class='ocrx_word' id='word_1_26' title='bbox 621 1093 694 1134; x_wconf 82' lang='lat' dir='ltr'>vento</span> 
     </span>
    </p>

    <p class='ocr_par' dir='ltr' id='par_1_5' title="bbox 299 1170 794 1240">
     <span class='ocr_line' id='line_1_7' title="bbox 299 1170 794 1240; baseline -0.022 -12"><span class='ocrx_word' id='word_1_27' title='bbox 299 1180 415 1240; x_wconf 83' lang='lat' dir='ltr'>Sparsum</span> <span class='ocrx_word' id='word_1_28' title='bbox 427 1175 534 1225; x_wconf 80' lang='lat' dir='ltr'>odoratis</span> <span class='ocrx_word' id='word_1_29' title='bbox 545 1175 676 1223; x_wconf 87' lang='lat' dir='ltr'>humerum</span> <span class='ocrx_word' id='word_1_30' title='bbox 688 1170 794 1232; x_wconf 81' lang='lat' dir='ltr'>capillis,</span> 
     </span>
    </p>

    <p class='ocr_par' dir='ltr' id='par_1_6' title="bbox 299 1260 767 1414">
     <span class='ocr_line' id='line_1_8' title="bbox 299 1260 767 1320; baseline -0.028 -3"><span class='ocrx_word' id='word_1_31' title='bbox 299 1265 385 1319; x_wconf 79' lang='lat' dir='ltr'>Qualis</span> <span class='ocrx_word' id='word_1_32' title='bbox 396 1271 438 1313; x_wconf 88' lang='lat' dir='ltr'>aut</span> <span class='ocrx_word' id='word_1_33' title='bbox 450 1261 541 1310; x_wconf 80' lang='lat' dir='ltr'>Nireus</span> <span class='ocrx_word' id='word_1_34' title='bbox 554 1260 611 1320; x_wconf 82' lang='lat' dir='ltr'>fuit,</span> <span class='ocrx_word' id='word_1_35' title='bbox 623 1268 666 1308; x_wconf 88' lang='lat' dir='ltr'>aut</span> <span class='ocrx_word' id='word_1_36' title='bbox 676 1271 767 1320; x_wconf 85' lang='lat' dir='ltr'>aquosa</span> 
     </span>
     <span class='ocr_line' id='line_1_9' title="bbox 427 1349 622 1414; baseline -0.026 -13"><span class='ocrx_word' id='word_1_37' title='bbox 427 1355 519 1414; x_wconf 82' lang='lat' dir='ltr'>Raptus</span> <span class='ocrx_word' id='word_1_38' title='bbox 530 1351 560 1399; x_wconf 88' lang='lat' dir='ltr'>ab</span> <span class='ocrx_word' id='word_1_39' title='bbox 572 1349 622 1398; x_wconf 85' lang='lat' dir='ltr'>ida.</span> 
     </span>
    </p>
   </div>
   <div class='ocr_carea' id='block_1_5' title="bbox 466 1639 674 1850">
    <p class='ocr_par' dir='ltr' id='par_1_7' title="bbox 466 1639 674 1850">
     <span class='ocr_line' id='line_1_10' title="bbox 495 1639 647 1690; baseline -0.026 0"><span class='ocrx_word' id='word_1_40' title='bbox 495 1639 561 1690; x_wconf 84' lang='lat' dir='ltr'>ODE</span> <span class='ocrx_word' id='word_1_41' title='bbox 579 1640 647 1687; x_wconf 81' lang='lat' dir='ltr'>XXI.</span> 
     </span>
     <span class='ocr_line' id='line_1_11' title="bbox 466 1814 674 1850; baseline -0.005 -1"><span class='ocrx_word' id='word_1_42' title='bbox 466 1815 501 1849; x_wconf 71' lang='lat' dir='ltr'>in</span> <span class='ocrx_word' id='word_1_43' title='bbox 517 1814 674 1850; x_wconf 69' lang='lat' dir='ltr'>inruemur.</span> 
     </span>
    </p>
   </div>
   <div class='ocr_carea' id='block_1_6' title="bbox 243 1961 812 2287">
    <p class='ocr_par' dir='ltr' id='par_1_8' title="bbox 243 1961 812 2287">
     <span class='ocr_line' id='line_1_12' title="bbox 304 1961 742 2019; baseline -0.009 -7"><span class='ocrx_word' id='word_1_44' title='bbox 304 1964 327 2012; x_wconf 93' lang='lat'>0</span> <span class='ocrx_word' id='word_1_45' title='bbox 340 1976 406 2011; x_wconf 71' lang='lat' dir='ltr'>nuri</span> <span class='ocrx_word' id='word_1_46' title='bbox 418 1975 513 2010; x_wconf 88' lang='lat' dir='ltr'>mecum</span> <span class='ocrx_word' id='word_1_47' title='bbox 524 1962 625 2011; x_wconf 83' lang='lat' dir='ltr'>consule</span> <span class='ocrx_word' id='word_1_48' title='bbox 636 1961 742 2019; x_wconf 89' lang='lat' dir='ltr'>Manlio,</span> 
     </span>
     <span class='ocr_line' id='line_1_13' title="bbox 304 2049 748 2111; baseline -0.011 -11"><span class='ocrx_word' id='word_1_49' title='bbox 304 2053 352 2100; x_wconf 88' lang='lat' dir='ltr'>Seu</span> <span class='ocrx_word' id='word_1_50' title='bbox 364 2058 391 2099; x_wconf 90' lang='lat' dir='ltr'>tu</span> <span class='ocrx_word' id='word_1_51' title='bbox 403 2051 523 2111; x_wconf 80' lang='lat' dir='ltr'>querelas,</span> <span class='ocrx_word' id='word_1_52' title='bbox 535 2049 585 2098; x_wconf 87' lang='lat' dir='ltr'>sive</span> <span class='ocrx_word' id='word_1_53' title='bbox 593 2049 659 2110; x_wconf 49' lang='lat' dir='ltr'>*geris</span> <span class='ocrx_word' id='word_1_54' title='bbox 668 2051 748 2108; x_wconf 88' lang='lat' dir='ltr'>jocos,</span> 
     </span>
     <span class='ocr_line' id='line_1_14' title="bbox 243 2123 738 2194; baseline -0.008 -8"><span class='ocrx_word' id='word_1_55' title='bbox 243 2123 246 2129; x_wconf 44' lang='lat'>¹</span> <span class='ocrx_word' id='word_1_56' title='bbox 263 2155 266 2160; x_wconf 93' lang='lat'>·</span> <span class='ocrx_word' id='word_1_57' title='bbox 335 2139 382 2185; x_wconf 90' lang='lat' dir='ltr'>Seu</span> <span class='ocrx_word' id='word_1_58' title='bbox 394 2136 474 2185; x_wconf 82' lang='lat' dir='ltr'>rixam</span> <span class='ocrx_word' id='word_1_59' title='bbox 485 2144 510 2185; x_wconf 91' lang='lat' dir='ltr'>et</span> <span class='ocrx_word' id='word_1_60' title='bbox 521 2127 621 2185; x_wconf 78' lang='lat' dir='ltr'>insanos</span> <span class='ocrx_word' id='word_1_61' title='bbox 632 2149 738 2194; x_wconf 83' lang='lat' dir='ltr'>amores,</span> 
     </span>
     <span class='ocr_line' id='line_1_15' title="bbox 368 2224 812 2287; baseline -0.016 -13"><span class='ocrx_word' id='word_1_62' title='bbox 368 2227 415 2274; x_wconf 88' lang='lat' dir='ltr'>Seu</span> <span class='ocrx_word' id='word_1_63' title='bbox 426 2225 533 2285; x_wconf 83' lang='lat' dir='ltr'>facilem,</span> <span class='ocrx_word' id='word_1_64' title='bbox 545 2224 586 2287; x_wconf 83' lang='lat' dir='ltr'>pia</span> <span class='ocrx_word' id='word_1_65' title='bbox 596 2229 669 2281; x_wconf 87' lang='lat' dir='ltr'>testa,</span> <span class='ocrx_word' id='word_1_66' title='bbox 682 2235 795 2269; x_wconf 86' lang='lat' dir='ltr'>somnum</span> <span class='ocrx_word' id='word_1_67' title='bbox 805 2241 812 2282; x_wconf 80' lang='lat'>3</span> 
     </span>
    </p>
   </div>
   <div class='ocr_carea' id='block_1_7' title="bbox 305 2393 814 2721">
    <p class='ocr_par' dir='ltr' id='par_1_9' title="bbox 305 2393 814 2721">
     <span class='ocr_line' id='line_1_16' title="bbox 305 2393 814 2457; baseline -0.004 -12"><span class='ocrx_word' id='word_1_68' title='bbox 305 2400 456 2457; x_wconf 82' lang='lat' dir='ltr'>Quocunque</span> <span class='ocrx_word' id='word_1_69' title='bbox 467 2397 557 2444; x_wconf 88' lang='lat' dir='ltr'>lectum</span> <span class='ocrx_word' id='word_1_70' title='bbox 569 2395 668 2444; x_wconf 85' lang='lat' dir='ltr'>nomine</span> <span class='ocrx_word' id='word_1_71' title='bbox 682 2393 814 2444; x_wconf 78' lang='lat' dir='ltr'>Massicum</span> 
     </span>
     <span class='ocr_line' id='line_1_17' title="bbox 305 2482 726 2545; baseline -0.01 -11"><span class='ocrx_word' id='word_1_72' title='bbox 305 2487 400 2544; x_wconf 84' lang='lat' dir='ltr'>servas,</span> <span class='ocrx_word' id='word_1_73' title='bbox 414 2484 505 2533; x_wconf 87' lang='lat' dir='ltr'>moveri</span> <span class='ocrx_word' id='word_1_74' title='bbox 516 2484 589 2545; x_wconf 80' lang='lat' dir='ltr'>digna</span> <span class='ocrx_word' id='word_1_75' title='bbox 599 2485 665 2532; x_wconf 91' lang='lat' dir='ltr'>bono</span> <span class='ocrx_word' id='word_1_76' title='bbox 677 2482 726 2543; x_wconf 89' lang='lat' dir='ltr'>die,</span> 
     </span>
     <span class='ocr_line' id='line_1_18' title="bbox 337 2571 710 2633; baseline -0.005 -11"><span class='ocrx_word' id='word_1_77' title='bbox 337 2573 471 2633; x_wconf 81' lang='lat' dir='ltr'>Descende,</span> <span class='ocrx_word' id='word_1_78' title='bbox 483 2571 590 2621; x_wconf 85' lang='lat' dir='ltr'>Corvino</span> <span class='ocrx_word' id='word_1_79' title='bbox 599 2573 710 2631; x_wconf 79' lang='lat' dir='ltr'>iubente,</span> 
     </span>
     <span class='ocr_line' id='line_1_19' title="bbox 369 2660 722 2721; baseline -0.003 -12"><span class='ocrx_word' id='word_1_80' title='bbox 369 2663 485 2710; x_wconf 86' lang='lat' dir='ltr'>Promcre</span> <span class='ocrx_word' id='word_1_81' title='bbox 496 2660 648 2721; x_wconf 78' lang='lat' dir='ltr'>languidiora</span> <span class='ocrx_word' id='word_1_82' title='bbox 658 2660 722 2710; x_wconf 85' lang='lat' dir='ltr'>vine.</span> 
     </span>
    </p>
   </div>
   <div class='ocr_carea' id='block_1_8' title="bbox 306 2831 811 3160">
    <p class='ocr_par' dir='ltr' id='par_1_10' title="bbox 306 2831 811 3160">
     <span class='ocr_line' id='line_1_20' title="bbox 306 2831 811 2895; baseline -0.002 -15"><span class='ocrx_word' id='word_1_83' title='bbox 306 2834 362 2880; x_wconf 90' lang='lat' dir='ltr'>Non</span> <span class='ocrx_word' id='word_1_84' title='bbox 375 2832 427 2894; x_wconf 88' lang='lat' dir='ltr'>ille,</span> <span class='ocrx_word' id='word_1_85' title='bbox 440 2839 578 2895; x_wconf 83' lang='lat' dir='ltr'>quanquam</span> <span class='ocrx_word' id='word_1_86' title='bbox 590 2831 719 2882; x_wconf 81' lang='lat' dir='ltr'>Socraticis</span> <span class='ocrx_word' id='word_1_87' title='bbox 731 2831 811 2880; x_wconf 85' lang='lat' dir='ltr'>madet</span> 
     </span>
     <span class='ocr_line' id='line_1_21' title="bbox 307 2919 763 2982; baseline -0.007 -13"><span class='ocrx_word' id='word_1_88' title='bbox 307 2921 475 2980; x_wconf 88' lang='lat' dir='ltr'>Sermonibus,</span> <span class='ocrx_word' id='word_1_89' title='bbox 486 2928 510 2969; x_wconf 91' lang='lat' dir='ltr'>te</span> <span class='ocrx_word' id='word_1_90' title='bbox 522 2919 627 2982; x_wconf 80' lang='lat' dir='ltr'>negliget</span> <span class='ocrx_word' id='word_1_91' title='bbox 638 2919 763 2972; x_wconf 62' lang='lat' dir='ltr'>horridum</span> 
     </span>
     <span class='ocr_line' id='line_1_22' title="bbox 340 3009 690 3072; baseline -0.006 -14"><span class='ocrx_word' id='word_1_92' title='bbox 340 3012 458 3059; x_wconf 76' lang='lat' dir='ltr'>Narratur</span> <span class='ocrx_word' id='word_1_93' title='bbox 469 3017 494 3059; x_wconf 91' lang='lat' dir='ltr'>et</span> <span class='ocrx_word' id='word_1_94' title='bbox 504 3009 578 3072; x_wconf 86' lang='lat' dir='ltr'>prisci</span> <span class='ocrx_word' id='word_1_95' title='bbox 590 3009 690 3059; x_wconf 88' lang='lat' dir='ltr'>Catonis</span> 
     </span>
     <span class='ocr_line' id='line_1_23' title="bbox 319 3088 729 3160; baseline -0.01 -14"><span class='ocrx_word' id='word_1_96' title='bbox 319 3088 322 3096; x_wconf 85' lang='grc'><strong>’</strong></span> <span class='ocrx_word' id='word_1_97' title='bbox 373 3100 442 3160; x_wconf 80' lang='lat' dir='ltr'>Saepe</span> <span class='ocrx_word' id='word_1_98' title='bbox 452 3112 521 3147; x_wconf 89' lang='lat' dir='ltr'>mero</span> <span class='ocrx_word' id='word_1_99' title='bbox 531 3097 635 3148; x_wconf 87' lang='lat' dir='ltr'>caluisse</span> <span class='ocrx_word' id='word_1_100' title='bbox 645 3095 729 3144; x_wconf 80' lang='lat' dir='ltr'>virtus.</span> 
     </span>
    </p>
   </div>
   <div class='ocr_carea' id='block_1_9' title="bbox 0 0 1236 3860">
    <p class='ocr_par' dir='ltr' id='par_1_11' title="bbox 0 0 1236 3860">
     <span class='ocr_line' id='line_1_24' title="bbox 0 0 1236 3860; baseline 0 0"><span class='ocrx_word' id='word_1_101' title='bbox 0 0 1236 3860; x_wconf 95' lang='lat' dir='ltr'> </span> 
     </span>
    </p>
   </div>
  </div>
 </body>
</html>
