2400 3898
241 479 289 527 stt
480 477 511 530 Q.
528 475 669 524 HORATII
687 477 805 526 PLACCI

242 606 388 653 'seuientem
399 603 502 663 maiore,
514 604 565 651 fere
577 604 737 666 presentibus
748 619 859 664 aequum·

243 691 345 749 Contra,
357 703 428 751 quem
440 689 530 752 duplici
541 705 623 752 penno
634 692 750 753 patientie
760 693 833 752 velat,

245 779 355 827 Mirabor
366 777 421 825 vitae
432 776 470 824 ria
479 776 499 824 si
510 792 627 826 conversa
637 778 738 828 decebit.

243 867 313 914 Alter
325 879 474 928 purpureum
485 879 535 914 non
547 867 695 928 exspectabit
705 866 830 926 curiorum,

245 954 370 1008 Quidlibet
381 954 480 1003 indutus
492 955 650 1004 celeberrima
660 969 702 1018 per
713 955 766 1002 ioca
776 955 856 1014 vadet,

244 1044 424 1104 Personamque
436 1044 496 1091 feret
507 1057 557 1091 uon
569 1041 729 1090 inconcinnus
741 1051 882 1104 utramque:

172 1165 174 1170 -
246 1133 316 1180 Alter
327 1131 408 1180 Mileti
419 1139 511 1180 textam
522 1145 581 1179 cane
591 1132 659 1192 peius
671 1138 696 1179 et
706 1130 778 1190 angui

245 1220 337 1268 Vitebit
347 1220 515 1282 chlamydem3
533 1218 650 1266 morietur
661 1218 761 1278 frigore,
774 1217 794 1266 si
806 1232 856 1265 non

246 1309 377 1357 Rettuleris
387 1322 509 1370 pannum:
527 1307 601 1366 refer,
613 1313 637 1354 et
648 1305 700 1353 sine
711 1305 774 1354 vivat
786 1305 888 1367 ineptus.

247 1397 295 1444 Res
306 1411 388 1456 gerere
399 1405 424 1445 et
434 1405 516 1458 captos
528 1395 655 1444 ostendere
667 1395 757 1443 civibus
769 1396 860 1455 hostes,

246 1483 352 1544 Attingit
362 1483 450 1530 solium
462 1483 531 1530 Jovis
543 1489 568 1530 et
578 1483 686 1530 coelestie
696 1491 780 1531 tentat

247 1568 399 1632 Principibus
410 1568 529 1630 placuisse
538 1568 608 1630 viris,
621 1585 672 1618 non
681 1570 768 1618 ultima
778 1570 831 1618 leus
842 1577 886 1618 cst.

247 1659 303 1706 Non
313 1656 388 1706 cuivis
399 1656 494 1706 homini
504 1657 623 1718 contingit
633 1657 700 1706 edire
712 1658 867 1706 Corinthum.

250 1745 317 1794 Sedit
328 1744 370 1806 qui
381 1745 463 1794 timuit
474 1760 505 1794 ne
516 1760 566 1793 non
578 1746 729 1794 succederetz
746 1755 813 1794 esto:

250 1835 333 1888 Quid?
353 1835 394 1896 qui
406 1835 524 1896 pervenit,
536 1835 624 1883 fecitne
635 1835 756 1883 viriliter?
776 1834 851 1896 Atqui
864 1831 867 1836 ’

251 1920 298 1970 Hic
309 1931 355 1981 est,
368 1930 409 1971 aut
420 1935 550 1983 nusquam,
562 1922 627 1983 quod
638 1922 783 1982 quaerimusz
801 1921 840 1970 hic
849 1935 912 1970 onus
922 1922 1017 1982 horret,

250 2012 287 2059 Ut
296 2009 374 2072 parvis
385 2009 472 2058 animis
483 2016 508 2058 et
518 2023 591 2071 perro
603 2024 704 2071 corpore
717 2011 812 2072 mejus3

252 2098 297 2146 Hic
309 2098 383 2156 subit,
395 2105 419 2146 et
429 2098 527 2159 perfert.
560 2099 611 2145 Aut
621 2097 697 2146 virtus
709 2110 799 2145 nomen
812 2097 884 2146 inane
894 2106 941 2158 est,

251 2188 302 2234 Aut
312 2185 383 2234 decus
393 2194 418 2234 et
429 2185 533 2248 pretium
545 2192 609 2233 recte
620 2186 681 2247 petit
689 2185 816 2248 experiens
826 2185 871 2233 vir.

253 2275 341 2322 Coram
353 2288 408 2335 rege
419 2262 462 2322 sua
473 2274 502 2322 de
513 2281 652 2336 paupertate
663 2281 768 2322 tacentes

252 2362 311 2408 Plus
323 2369 436 2423 poscente
447 2363 534 2409 ferent
567 2361 658 2420 Distat,
670 2375 783 2410 sumasne
794 2361 923 2423 pudenter,

252 2450 291 2496 An
304 2447 390 2510 rapias.
423 2448 498 2508 Atpui
510 2461 591 2495 rerum
602 2457 675 2510 caput
685 2450 731 2497 hoc
742 2457 803 2507 eret,
815 2449 856 2497 hic
866 2449 929 2498 fons.

254 2539 272 2563 “
282 2535 394 2584 lndoteta
405 2535 466 2582 mihi
475 2549 545 2583 soror
557 2539 760 2601 est,paupercu1a
771 2545 857 2598 mater,

254 2627 273 2652 “
284 2625 316 2673 Et
328 2624 417 2673 fundus
428 2638 472 2672 nec
482 2624 610 2673 vendibilis
621 2639 666 2674 nec
676 2640 775 2688 pascere
786 2625 899 2684 firmus,”

255 2713 302 2767 Qui
315 2713 382 2774 dicit,
394 2715 492 2774 clamat,
504 2713 629 2762 “Victum
640 2713 721 2762 date.”
755 2713 863 2762 succinit
873 2713 944 2770 alter,

255 2803 275 2828 “
285 2803 318 2849 Et
329 2802 390 2850 mihi
401 2801 498 2850 dividuo
510 2801 615 2850 findetur
626 2815 726 2850 munere
738 2800 854 2862 quadra.”

256 2890 304 2938 Sed
314 2890 400 2938 tacitus
410 2891 475 2953 pasci
487 2891 507 2938 si
519 2898 599 2953 posset
610 2905 706 2951 coruus,
719 2889 819 2937 haberet

257 2976 316 3024 Plus
327 2976 404 3038 dapis,
417 2986 441 3025 et
451 2977 511 3026 rixae
523 2980 601 3027 multo
612 2978 692 3026 minus
707 2977 859 3038 invidiaeque.

257 3062 415 3126 Brundisium
425 3078 507 3114 comcs
518 3073 560 3114 aut
571 3067 715 3115 Surrentum
726 3065 812 3114 ductus
823 3076 958 3123 amoenum,
