2400 3898
254 527 302 575 292
490 523 521 576 Q·
539 519 680 570 HORATll
699 521 816 570 FLACCI

256 653 295 700 Tu
306 649 368 699 nihil
379 647 491 700 admittes
502 648 527 695 in
539 656 574 707 te,
587 648 718 696 formidine
730 663 821 710 poenae:

257 739 295 788 Sit
305 753 359 800 spes
370 736 480 796 fallendi,
493 736 604 785 miscebis
615 751 683 786 sacre
694 735 817 799 profanis:

257 830 321 876 Nam
332 827 362 875 de
374 825 441 875 mille
452 826 513 874 fabo
525 825 613 874 modiis
625 841 680 874 eum
693 825 793 888 surripis
803 839 891 885 unum,

257 917 381 964 Damnum
392 921 439 975 eet,
451 929 501 962 non
513 913 616 973 facinus,
628 914 688 962 mibi
699 921 769 976 pacto
781 914 861 963 lenius
873 914 929 964 isto.

255 1003 299 1051 Vir
311 1003 401 1063 bonus,
412 1016 486 1052 omne
496 1003 577 1050 sorum
588 1016 659 1064 quem
671 1010 762 1064 spectet
773 1010 797 1050 et
808 1017 882 1052 omne
892 1003 1015 1064 tribunal,

258 1091 457 1152 Quandocunque
467 1094 532 1141 Deos
543 1091 581 1137 vel
593 1103 667 1151 porco
678 1091 716 1137 rel
727 1091 787 1138 bove
798 1092 887 1153 placat,

257 1184 320 1232 Jene
330 1189 408 1244 peter,
420 1182 495 1240 clare,
505 1181 570 1228 clare
580 1193 636 1227 eum
648 1178 720 1239 duxit,
732 1180 835 1242 Apollo:

258 1272 337 1320 Labra
349 1277 429 1318 movet
440 1277 550 1318 metuens
565 1269 657 1317 audiri:
676 1269 781 1317 Pulchra
792 1271 910 1329 beverna,

258 1361 296 1408 Da
305 1359 366 1407 mihi
378 1360 473 1418 failere,
485 1359 516 1406 da
523 1360 590 1418 justo
602 1365 732 1419 sanctoque
743 1357 833 1418 videri3

258 1448 361 1494 Noctem
373 1445 487 1508 peccatis,
499 1454 523 1493 et
533 1445 658 1495 fraudibus
669 1447 746 1506 objice
758 1447 855 1493 nubem.

259 1531 307 1587 Qui
319 1531 406 1580 melior
418 1546 498 1590 servo,
510 1531 551 1592 qui
561 1533 661 1582 liberior
673 1534 704 1582 sit
716 1547 810 1592 avarus,

259 1622 287 1668 ln
298 1620 375 1668 triviis
386 1622 464 1669 fixum
475 1635 532 1669 cum
543 1635 569 1670 se
580 1623 686 1694 demittit
697 1625 728 1670 ob
740 1635 827 1682 assem,

259 1710 315 1758 Non
327 1709 412 1757 video:
431 1723 489 1757 narn
501 1709 543 1771 qui
554 1711 643 1771 cupiet,
656 1718 747 1758 metuet
758 1723 869 1772 quoque3
887 1726 960 1773 porro

259 1797 307 1852 Qui
319 1805 428 1845 metuens
440 1799 513 1857 vivet,
524 1798 586 1845 liber
597 1799 656 1845 mibi
668 1813 718 1846 non
730 1799 776 1846 erit
787 1812 902 1860 unquam.

259 1885 366 1933 Perdidit
377 1899 455 1946 arma,
467 1888 548 1934 locum
560 1886 655 1933 virtutis
666 1887 782 1945 deseruit,
793 1887 834 1948 qni

260 1975 359 2036 Semper
370 1974 395 2021 in
407 1974 515 2035 augenda
526 1974 624 2021 festinat
635 1981 659 2021 et
669 1974 780 2022 obruitur
791 1987 826 2022 re.

259 2064 369 2112 Vendere
379 2079 435 2112 cum
445 2064 522 2126 possis
534 2063 664 2124 captivum,
676 2062 784 2111 occidere
795 2063 860 2110 noli:

259 2152 353 2201 Serviet
363 2152 468 2200 utiliter:
487 2152 540 2199 sine
550 2158 631 2213 pascat
642 2151 716 2199 durus
728 2160 825 2213 aretque
836 2172 844 2213 ;

261 2241 362 2302 Naviget
373 2256 400 2290 ac
412 2241 497 2290 mediis
507 2240 598 2288 hiemet
606 2247 725 2288 mercator
736 2240 761 2287 in
772 2241 861 2302 undis3

260 2332 372 2378 Annonae
384 2332 477 2392 prosit3
494 2339 574 2393 portet
585 2331 706 2379 frumenta
715 2345 847 2393 penusque.

259 2413 303 2464 Vir
314 2417 393 2465 bonus
406 2426 430 2466 et
441 2419 535 2480 sapiens
546 2405 643 2466 audebit
655 2417 750 2479 dicere3
768 2419 888 2478 Pentheo,

259 2505 348 2551 Rector
358 2504 507 2564 Tbebarnm,
520 2505 578 2566 quid
588 2519 627 2554 me
638 2507 745 2568 perferre
759 2506 855 2568 patique

238 2627 244 2639 .
260 2589 389 2652 Indignum
401 2605 469 2653 coges
477 2595 487 2640 ἓ
507 2595 525 2652 ii
533 2591 646 2640 Adimam
657 2597 729 2642 bona.
762 2596 781 2650 ii
789 2578 883 2655 Nempe
894 2607 977 2656 pecus,
993 2609 1055 2653 rem,

262 2681 508 2742 Lectos,argent11m:
527 2681 599 2728 tollas
611 2682 675 2730 licet.
710 2685 765 2740 itin
778 2681 877 2731 manicis
890 2690 915 2730 et

264 2768 424 2831 Compedibus
436 2783 498 2818 saevo
510 2777 534 2818 te
546 2771 591 2818 sub
601 2773 700 2820 custode
712 2773 807 2820 tenebo.

263 2858 343 2918 iiipne
354 2859 430 2917 Deus,
442 2859 515 2907 simul
528 2865 598 2919 atque
608 2860 699 2920 volam,
712 2875 750 2908 me
761 2861 845 2908 solvet.
879 2858 1010 2922 VOpinor,

264 2944 317 2992 Hoc
328 2944 415 2993 sentit:
433 2947 544 3009 Moriar3
561 2960 628 2995 mors
639 2948 726 2997 ultima
738 2949 802 2996 lineo
813 2961 894 2996 rerum
905 2954 950 2995 est.

1177 2625 1185 2844 i
