2432 3874
243 469 289 516 234
481 466 511 518 Q.
529 464 668 514 HORATll
686 465 803 514 Funccl

243 599 347 660 Effugiet
357 607 438 647 tamen
449 597 501 648 brec
512 599 642 648 sceleratus
652 599 750 648 vincula
760 601 869 649 Proteus.

245 689 307 738 Cum
318 687 396 748 rapies
408 686 434 734 in
442 687 483 746 J‘us
495 687 565 736 malis
576 687 695 736 ridentem
706 687 803 749 alienis,

244 775 297 824 Fiet
307 789 375 837 aper,
387 775 460 824 modo
472 774 532 836 avis,
542 775 615 824 modo
626 789 723 836 saxum,
735 784 771 836 et,
779 791 834 824 cum
847 777 922 837 volet,
933 777 1015 826 arbor.

245 865 272 914 Si
284 865 347 913 male
358 877 411 912 rem
422 877 504 924 gerere
516 863 596 912 ineam
607 872 661 926 est3
678 871 764 914 contra
773 865 845 925 bene,
857 865 927 926 sani;

245 952 355 1002 Putidius
365 953 444 1001 multo
455 954 580 1002 cerebrum
591 960 637 1013 est,
650 952 710 1002 mihi
722 953 802 1013 crede,
815 951 901 1002 Perilli

244 1042 374 1102 Dictantis,
386 1043 451 1104 quod
461 1050 489 1092 tu
501 1057 624 1104 nunquam
635 1041 766 1092 rescribere
776 1042 863 1104 possis.

244 1129 347 1191 Audire,
359 1139 430 1194 atque
441 1139 522 1192 togam
531 1132 605 1191 jubeo
616 1143 772 1191 componere,
785 1127 893 1190 quisquis

244 1220 384 1270 Ambitione
396 1221 461 1268 mala
471 1227 514 1268 aut
524 1219 617 1280 argenti
628 1219 702 1280 pallet
713 1231 807 1277 amore,

245 1309 361 1370 Quisquis
371 1308 479 1368 luxuria,
490 1307 583 1356 tristive
593 1305 774 1368 superstitione,
804 1305 814 1324 ‘

245 1398 296 1444 Aut
306 1397 354 1444 alio
365 1395 454 1444 mentis
466 1396 551 1443 morbo
563 1395 642 1456 calet3
660 1395 708 1442 hue
718 1393 818 1456 propius
830 1407 879 1452 me,
980 1399 984 1408 “

245 1486 310 1532 Dum
322 1483 396 1532 doceo
408 1483 514 1530 insanire
525 1497 621 1542 omnes,
631 1497 675 1531 vos
686 1482 772 1531 ordine
783 1482 854 1530 adite.

245 1571 330 1620 Danda
340 1577 377 1618 est
387 1569 507 1618 hellebori
519 1569 597 1618 multo
607 1583 663 1632 pars
674 1570 781 1620 maxima
791 1570 882 1619 araris:

245 1658 333 1708 Nescio
345 1673 376 1707 an
388 1658 529 1722 Anticyram
541 1658 603 1708 ratio
614 1659 664 1709 illis
676 1659 780 1709 destinet
787 1673 893 1708 omnem.

246 1746 360 1796 llaeredes
372 1746 466 1797 Staberi
477 1761 597 1796 summam
609 1748 714 1797 incidere
725 1747 849 1811 sepulero=

246 1835 279 1883 Ni
290 1834 324 1884 sic
334 1834 457 1896 fecissent,
468 1836 629 1899 gladiatorum
640 1837 698 1886 dare
708 1844 806 1885 centum

245 1923 360 1973 Damnati
367 1926 458 1988 populo
470 1925 547 1987 paria,
558 1934 630 1988 atque
641 1928 750 1988 epulum,
761 1924 860 1973 arbitrio
871 1921 946 1984 Arri3

246 2013 371 2062 Frumenti
382 2021 499 2075 quantum
511 2014 581 2063 metit
591 2015 682 2063 Africa.
715 2013 770 2063 Sive
782 2027 825 2074 ego
837 2025 919 2075 prave,

246 2101 294 2149 Seu
305 2109 379 2160 reete,
391 2103 438 2150 hoc
448 2103 532 2164 volui;
550 2117 581 2151 ne
592 2103 626 2150 sls
636 2109 737 2163 patruus
748 2101 817 2148 inihi.
851 2099 930 2148 Credo

246 2191 299 2237 lloc
310 2187 404 2238 Staberi
414 2189 558 2251 prudentem
570 2190 678 2238 animum
691 2188 784 2238 vidisse.
817 2186 883 2241 erid
894 2199 950 2247 ergo

245 2276 337 2335 Sensit,
349 2291 404 2324 cum
416 2290 536 2325 summam
548 2274 680 2338 patrimoni
691 2275 829 2337 insculpere
839 2287 899 2322 saxo

246 2363 361 2411 llaeredes
371 2364 465 2411 voluit?
501 2365 588 2418 Quoad
599 2363 670 2422 vixit,
682 2363 784 2412 medidie
795 2364 878 2423 ingens

246 2448 387 2510 Pauperiem
398 2449 495 2508 vitium,
508 2457 532 2496 et
542 2451 604 2497 nevit
614 2450 677 2497 nibil
689 2449 784 2510 acrius;
801 2457 838 2507 ut,
851 2448 872 2494 si

245 2538 317 2586 Forte
329 2535 409 2582 miuus
421 2535 528 2596 locuples
539 2548 589 2582 uno
601 2535 734 2594 quadrante
745 2534 857 2597 perisset,

246 2626 299 2687 lpse
310 2621 430 2670 rideretur
441 2619 487 2669 sibi
498 2621 614 2684 nequior:
631 2621 711 2670 omnis
722 2622 789 2670 enim
800 2634 850 2680 res,

245 2712 339 2773 Virtus,
351 2711 426 2772 fama,
438 2711 521 2771 decus,
533 2709 614 2759 divina
623 2712 777 2773 humaneque
787 2709 896 2774 pulchris

245 2799 341 2852 Divitiis
352 2808 454 2863 parent,
471 2814 530 2861 quas
541 2798 584 2859 qut
594 2799 753 2860 contraxerit,
765 2799 808 2848 ille

247 2892 334 2941 Clarus
345 2891 402 2951 erit,
416 2889 498 2950 tortis,
507 2887 753 2950 luetur-Sapiensne
764 2890 773 2936 ἓ
793 2887 891 2936 Etiam!
910 2893 935 2936 et
945 2898 1001 2944 ren,

245 2983 279 3031 Et
288 2980 402 3044 quicquid
411 2983 484 3030 volet.
517 2982 581 3040 Hoc,
592 2977 668 3028 veluti
678 2977 768 3026 virtute
777 2985 899 3040 peretum,

246 3069 357 3132 Speravit
367 3083 460 3130 magna
471 3069 538 3120 leudi
548 3069 609 3118 lore.
642 3065 708 3122 Quid
719 3065 799 3115 simile
809 3065 851 3114 isti
