2432 3874
261 539 306 586 194
496 541 527 592 Q·
544 541 683 590 HORATll
701 542 818 594 snscc1

260 664 352 712 Strrlturs
364 673 389 713 et
398 663 522 727 improbus
533 666 572 713 hic
582 680 651 715 amor
661 675 708 727 est,
720 667 851 732 dignusque
860 673 946 720 notari.

261 753 323 800 Cum
333 760 375 801 tua
383 753 505 815 pervideas
516 755 592 804 oeulis
604 757 669 804 mala
678 756 757 818 lippus
768 757 882 819 inunctis,

261 842 310 889 Cur
322 841 347 889 in
359 842 491 890 amioorum
502 843 565 890 vitiis
576 850 626 892 tarn
638 844 716 892 cernis
728 853 835 906 acutum,

261 928 339 981 Quam
351 936 392 976 aut
402 928 492 989 aquila,
503 937 545 977 sut
555 944 651 991 serpens
660 930 803 992 Epidaurius
813 933 822 978 ἓ
857 933 891 980 At
900 932 944 980 tibi
954 940 1038 980 oontra

260 1013 356 1074 Evenit,
367 1015 489 1076 inquirant
498 1016 556 1064 vitia
565 1025 593 1064 ut
603 1024 645 1066 tua
655 1031 738 1066 narsus
749 1025 774 1066 et
784 1017 830 1066 illi.
845 1059 848 1072 .

260 1101 400 1150 iracundior
410 1110 447 1150 est
457 1105 549 1165 paulo?
569 1103 649 1152 minus
661 1113 730 1166 aptus
742 1105 818 1154 acutis

261 1189 365 1239 Naribus
375 1191 463 1240 borum
474 1192 618 1240 homiuum?
637 1193 710 1240 rideri
721 1193 807 1256 possit,
818 1207 847 1242 oo
858 1193 923 1255 quod

260 1278 380 1326 Rusticius
390 1286 460 1327 tonso
470 1287 527 1340 toga
537 1280 630 1340 defluit,
641 1289 666 1329 et
676 1283 739 1330 male
751 1282 821 1332 laxus

261 1365 288 1410 ln
299 1364 359 1426 pede
369 1366 461 1414 caloeus
472 1367 567 1415 heret?
601 1369 635 1416 At
645 1376 681 1416 est
691 1371 780 1429 bonus,
790 1378 819 1419 ut
829 1369 915 1418 melior
926 1369 963 1418 vir

262 1451 317 1498 Non
329 1452 390 1501 allus
400 1453 536 1514 quisquam:
555 1462 579 1502 at
589 1455 633 1504 tibi
644 1455 734 1504 amicus
745 1476 750 1503 ι
768 1464 793 1503 st
803 1456 924 1518 ingenium
938 1457 1020 1518 ingens

261 1538 355 1587 Inculto
365 1538 423 1587 latet
433 1539 479 1588 hoc
489 1542 534 1588 sub
544 1556 652 1604 corpore.
684 1544 793 1606 Denique
803 1553 826 1594 te
836 1545 915 1608 ipsum

262 1625 378 1686 Concute,
390 1642 447 1675 uum
459 1643 506 1690 qua
515 1629 559 1678 tibi
571 1630 684 1680 vitiorum
695 1631 807 1680 inseverit
818 1631 878 1682 olhn

253 1713 363 1774 Natura,
375 1715 498 1764 autetiam
509 1717 656 1766 consuetudo
668 1718 747 1780 mala;
765 1731 868 1779 namque

261 1801 285 1847 N
286 1800 381 1860 egleotis
393 1803 483 1852 urenda
493 1804 545 1853 filix
556 1803 688 1856 innascitur
698 1805 768 1866 apis.

260 1889 321 1940 Illuc
332 1901 515 1957 prevertamun
532 1903 664 1948 amatorem
675 1896 739 1960 quod
749 1896 832 1946 amiooe

242 2043 245 2048 ,
259 1979 351 2042 'lirrpia
361 1980 481 2044 decipiunt
490 1997 578 2032 cascum
588 1984 656 2044 vitia,
667 1985 793 2034 autetiam
803 1985 854 2048 ipsa
863 1984 915 2034 linc

261 2070 401 2130 Delectant3
418 2071 491 2120 veluti
501 2072 632 2120 Balbinum
643 2073 743 2135 polypus
755 2075 854 2134 Hagnae.

261 2157 354 2206 Vellem
365 2155 389 2203 in
400 2156 505 2204 amicitia
515 2158 549 2204 sic
559 2172 704 2218 erraremus,
715 2166 740 2206 et
750 2159 790 2208 isti

260 2241 344 2290 Errori
354 2255 442 2290 nomen
453 2243 528 2292 virtus
538 2243 656 2304 posuisset
668 2245 804 2294 honestum.

260 2331 303 2387 At,
314 2335 380 2389 pater
390 2336 418 2376 ut
428 2330 503 2390 gnati,
514 2330 548 2378 sic
559 2343 604 2378 nos
614 2330 739 2390 debemus,
750 2329 821 2381 amici

261 2415 286 2463 Si
298 2415 362 2476 quod
371 2415 403 2463 sit
412 2417 508 2477 vitium,
520 2432 569 2466 non
580 2418 703 2466 fastidire:
721 2419 858 2467 strabonem

259 2501 372 2562 Appellat
382 2503 474 2550 Pastum
485 2511 564 2565 pater:
581 2512 606 2552 et
617 2506 725 2564 Pullum,
737 2505 800 2554 male
811 2518 898 2566 parvus

260 2592 286 2641 Si
297 2591 335 2640 cui
346 2592 411 2640 filius
421 2601 468 2654 est,
478 2602 506 2642 ut
517 2596 638 2645 abortivus
649 2597 695 2644 fuit
706 2597 766 2644 olim

260 2680 387 2744 Sisyphus:
405 2681 469 2732 hune
479 2684 580 2744 Varum,
592 2685 699 2734 distortis
710 2684 839 2746 cruribus;
855 2684 926 2732 illum

260 2769 368 2818 balbutit
378 2771 505 2831 Scaurum,
516 2773 594 2834 pravis
605 2773 693 2822 fultum
705 2775 768 2823 male
778 2774 842 2823 talis.

262 2857 358 2907 Parcius
368 2860 407 2908 hic
417 2860 493 2908 vivit?
512 2861 574 2922 frugi
585 2861 684 2915 dicauu.
719 2863 817 2923 Ineptus

173 2952 176 2958 '
260 2945 292 3013 Et
299 2947 428 3006 jactantior
438 2947 477 2996 hio
486 2949 559 3011 paulo
570 2952 623 2998 est?
642 2951 772 2999 concinnus
783 2947 866 2998 amicis

261 3034 370 3081 Postulat
379 3041 406 3082 ut
416 3035 531 3087 videatur.
564 3038 598 3085 At
607 3045 644 3086 est
653 3036 821 3097 uuculentior,
832 3044 903 3100 atque

260 3121 318 3172 Plus
328 3137 396 3188 aequo
408 3124 487 3176 liber?
506 3127 608 3190 simplex
620 3127 735 3190 fortisque
745 3127 868 3176 habeatur.

1191 885 1201 940 i
