2396 3866
204 562 233 606 18
437 561 468 614 Q·
486 558 625 609 HORATII
644 560 761 610 FLAccl
786 587 789 598 ‹

330 686 468 735 laedentem
477 687 571 747 osculo,
583 702 636 748 quae
648 689 731 736 Venus

301 800 305 804 ·
362 773 454 828 Quinta
464 782 531 836 purte
542 775 580 823 sui
591 775 693 842 nectanip
705 775 800 824 imbuit.

331 862 440 910 Fuuscus
452 869 489 910 ter
501 870 525 910 et
535 861 650 924 amplius,
671 903 673 908 .

338 933 341 940 ⁸
363 952 431 1004 Quos
441 950 535 1013 irrupta
544 959 611 1000 tenet
622 951 719 1014 copula,
731 965 775 999 nec
786 950 857 998 maiis

331 1037 446 1087 Divulsus
457 1039 614 1099 querimoniis

364 1127 482 1189 Suprema
493 1127 563 1176 eitius
575 1128 652 1176 solvet
662 1141 731 1177 amor
743 1126 789 1175 die.

525 1304 592 1355 ODE
612 1304 679 1353 XIV.

233 1449 260 1484 ΙΝ
280 1449 382 1486 sssxwm
403 1451 538 1486 POMPEIUM
557 1452 643 1486 CIVILE
661 1452 765 1486 BELLUM
785 1449 967 1485 RENOVANTEM.

335 1551 358 1600 0
370 1563 444 1599 nnus
456 1553 462 1598 Ξ
481 1550 586 1599 referent
597 1550 622 1598 in
634 1558 736 1598 manete
748 1550 804 1598 novi

334 1639 451 1686 iiuoms?
473 1640 504 1686 o!
524 1637 582 1698 quid
593 1638 642 1698 agis
653 1640 663 1686 ἓ
683 1638 778 1686 fortiter
789 1651 879 1699 occupa

367 1727 482 1774 Portum:
500 1739 582 1773 nonne
594 1725 669 1785 vides,
680 1733 710 1773 ut
778 1739 779 1742 ¹

399 1813 499 1861 Nudum
510 1811 610 1886 remigio
621 1814 696 1872 lanus,

336 1989 368 2036 Et
379 1987 457 2036 malus
468 1986 541 2035 eeleri
553 1986 648 2046 saueius
659 1985 754 2046 Africo,

336 2079 503 2138 Antennoeque
513 2078 627 2137 gemant?
647 2090 675 2124 uc
686 2077 738 2125 sine
749 2075 847 2124 funibus
949 2118 951 2123 .

368 2164 416 2212 Vix
427 2164 516 2213 durare
526 2165 613 2213 coriuae

402 2253 499 2300 Possint
510 2251 664 2313 imperiosius

337 2423 449 2483 AEquor?
468 2436 518 2470 non
529 2421 574 2471 tibi
585 2430 642 2470 sunt
652 2422 745 2483 integra
755 2422 841 2483 linteo,

338 2511 395 2557 Non
407 2509 448 2568 Di,
461 2524 521 2570 quos
532 2509 620 2580 iterum
630 2524 713 2571 pressa
722 2525 791 2558 voees
804 2512 878 2560 malo.

370 2598 485 2652 Quamvis
497 2597 597 2646 Pontico
607 2597 688 2660 pinus,

403 2687 475 2735 Silvae
487 2687 538 2735 filia
548 2686 647 2746 nobilis,

338 2864 419 2911 sactes
431 2868 455 2908 et
466 2874 540 2921 genus
552 2869 577 2909 et
587 2874 677 2909 nomen
689 2860 790 2923 inutile3

341 2949 383 2997 Nil
394 2948 463 3012 pictis
475 2947 573 3014 timidus
584 2949 666 2997 navim
675 2947 794 3010 puppibus

372 3036 449 3085 Fidis:
467 3045 504 3097 tu,
516 3037 563 3084 nisi
573 3037 651 3085 ventis
673 3081 675 3086 ,

405 3127 482 3175 Debes
493 3125 635 3185 ludibrium,
646 3139 713 3174 cave.
