2432 3874
389 591 581 641 SERMONUM
599 595 661 645 llll.
678 595 698 642 l.
714 609 739 642 x.
919 598 964 644 221

172 718 307 768 contemtis
318 717 382 778 aliis,
394 719 494 779 explosa
503 720 640 768 Arbuscula
650 719 720 769 dixit.

174 808 241 855 Men'
253 813 347 855 moveat
357 805 437 854 cimex
445 807 579 868 Pantilius3
597 817 639 856 aut
649 808 739 857 cruciet
750 811 815 870 quod

173 895 275 944 vellicet
285 896 409 944 absentem
420 895 576 944 Demetrius?
596 904 638 944 aut
648 898 712 958 quod
723 897 818 961 ineptus

172 984 277 1034 Fannius
290 985 450 1046 Hermogenis
462 985 534 1033 laedat
543 985 644 1044 conviva
653 984 762 1046 Tigelli?

176 1074 280 1134 Plotius,
293 1082 318 1123 et
328 1073 427 1133 Varius,
439 1075 570 1132 Maecenas,
581 1072 753 1134 virgiliusque,

175 1163 283 1223 Valgius,
294 1170 319 1211 et
329 1163 415 1224 probet
426 1162 477 1209 haec
489 1161 603 1211 Octavius
614 1161 730 1224 optimus,
743 1170 813 1222 atque

175 1251 266 1300 Fuscus
275 1271 283 1312 l
300 1259 325 1300 et
335 1252 386 1299 haec
397 1250 492 1298 utinam
499 1251 627 1300 Viscorum
637 1251 719 1299 laudet
729 1258 829 1312 uterque
839 1271 844 1298 ε

174 1338 316 1387 Ambitione
326 1339 441 1399 relegata,
452 1346 477 1386 te
488 1338 567 1386 dicere
578 1352 686 1400 possum,

175 1427 266 1487 Pollio,
278 1434 312 1487 te,
324 1429 440 1487 Messala,
449 1435 492 1476 tuo
503 1442 559 1476 cum
570 1428 660 1488 fratre3
678 1426 798 1489 simulque

175 1517 235 1575 Vos,
246 1515 333 1564 Eibnle
344 1523 369 1563 et
380 1516 464 1577 Servi,
482 1516 555 1566 simul
566 1515 604 1564 bis
615 1522 649 1575 te,
662 1515 762 1563 candide
774 1516 865 1564 Furni:

176 1605 319 1666 Complures
331 1603 402 1664 alios,
415 1605 497 1653 doctos
509 1619 552 1665 ego
564 1619 624 1666 quos
635 1612 659 1654 et
671 1605 761 1654 amicos

176 1692 284 1740 Prudens
295 1700 422 1755 praetereo,
435 1693 521 1754 quibus
532 1693 594 1753 hec,
603 1694 652 1742 sint
663 1695 846 1757 qualiacunque,

175 1779 289 1827 Arridere
299 1779 389 1840 velim;
406 1779 535 1839 doliturus,
547 1781 568 1828 si
580 1782 687 1842 placeant
698 1796 740 1844 spe

176 1867 287 1916 Deterius
299 1875 390 1916 nostra.
423 1869 541 1928 Demetri,
552 1877 632 1930 teque,
644 1869 742 1929 Tigelli,

176 1955 354 2018 Discipularnm
366 1955 429 2005 inter
437 1958 510 2018 jubeo
521 1959 617 2020 plorare
626 1958 758 2006 cathedras.

177 2043 187 2089 1
200 2057 270 2105 puer,
281 2051 352 2107 atque
363 2058 418 2093 meo
428 2044 488 2094 citus
499 2045 551 2092 haec
562 2044 683 2093 subscribe
695 2045 786 2094 libello.
