2432 3874
342 561 534 621 SERMONUM
552 565 614 614 ΗΒ.
631 566 664 613 ΙΙ.
680 564 721 613 vii.
882 570 930 618 255

135 689 305 753 Propositum3
322 705 377 754 pars
389 695 466 742 multu
477 702 553 756 natat,
565 695 639 746 modo
649 705 715 746 recta
724 711 860 761 capessens,

134 778 258 827 Interdum
271 780 349 842 pravis
361 781 481 832 obnoxiat
498 798 561 846 saepe
572 793 670 834 notetis

135 867 197 916 Cum
208 867 286 917 tribus
296 869 393 930 anellis,
405 871 478 920 modo
489 873 550 920 iaeva
561 874 657 923 Priscus
668 874 748 935 inani,-

133 955 201 1004 Vixit
211 955 452 1018 inaequuiis,'ciovum
462 966 490 1007 ut
501 966 606 1008 mutaret
617 960 642 1009 in
654 962 740 1022 horus,

134 1045 235 1094 AEdibus
246 1061 278 1094 ex
288 1046 380 1106 magrris
392 1047 472 1095 subito
483 1061 509 1096 se
520 1048 645 1109 conderet,
657 1049 723 1098 unde

134 1134 252 1183 Mundior
262 1135 341 1183 exiret
351 1135 391 1182 vix
403 1135 531 1184 libertinus
542 1136 652 1185 honeste.

134 1223 190 1270 dem
201 1223 310 1271 moechus
322 1225 417 1283 Romae,
425 1225 476 1283 Jam
489 1224 573 1273 mallet
583 1224 668 1273 doctor
679 1225 781 1275 Athenis

134 1310 231 1370 Vivere,
242 1312 394 1371 Vertumnis,
406 1319 525 1374 quotquot
535 1320 603 1374 sunt,
616 1321 686 1363 natus
698 1313 796 1377 iniquis.-

134 1401 224 1448 Scurra
235 1399 389 1460 Volanerius,
401 1407 528 1464 postquem
540 1400 577 1449 illi
585 1403 652 1462 iusta
662 1402 777 1464 cheragra

135 1487 252 1536 Contudit
263 1487 388 1548 articulos,
400 1487 442 1550 qui
453 1502 498 1551 pro
508 1503 535 1538 se
545 1489 644 1538 tolleret
655 1497 726 1551 etque

134 1575 243 1624 Mitteret
254 1575 280 1624 in
291 1576 401 1639 phimum
413 1577 486 1637 talos,
499 1578 609 1626 mercede
620 1577 708 1628 dimne

136 1664 288 1714 Conductum
299 1665 363 1728 pavit
372 1685 377 1714 ι
395 1673 487 1727 quanto
498 1666 649 1724 constantior
659 1666 724 1716 idem

136 1753 165 1800 In
176 1753 251 1812 vitiis,
264 1761 333 1802 tanto
344 1753 420 1802 levius
432 1753 506 1802 miser
517 1767 545 1802 ac
556 1754 623 1816 prior
634 1755 678 1803 illo

134 1839 183 1895 Qui
190 1843 242 1902 jum
252 1849 378 1901 contento,
387 1843 439 1902 inm
451 1841 508 1889 laxo
520 1843 579 1890 fiune
590 1843 692 1891 laborat.

134 1927 217 1984 iiNon
228 1929 292 1978 dices
302 1930 385 1990 hodie,
397 1943 513 1991 quorsum
524 1930 576 1978 haec
587 1937 638 1978 tam
649 1929 732 1993 putide
743 1930 853 1990 tendunt,

135 2019 261 2067 Furcifer?
281 2017 345 2073 und
356 2025 391 2078 te,
399 2017 506 2079 inquam.
524 2016 605 2072 iiQuo
616 2025 695 2080 pacto,
706 2018 826 2081 pessime?
845 2017 933 2086 illuu-

267 2105 309 2154 das
396 2155 400 2162 .

136 2195 270 2242 Fortunam
282 2201 307 2242 et
319 2207 399 2242 mores
411 2193 516 2256 antiques
527 2193 621 2257 plebis;
638 2202 662 2243 et
673 2193 748 2252 idem,

136 2281 163 2330 Si
176 2281 230 2343 quis
242 2281 272 2329 ad
283 2281 327 2330 illa
338 2283 404 2330 Deus
416 2279 496 2329 subito
508 2288 532 2329 te
542 2288 606 2341 agat,
618 2291 692 2343 usque
703 2295 815 2344 recuses;

134 2371 184 2419 Aut
196 2368 252 2431 quia
263 2384 313 2418 non
326 2369 401 2417 sentis
413 2369 477 2431 quod
488 2369 578 2416 clamas
591 2369 680 2417 rectius
692 2383 755 2430 esse,

133 2458 185 2505 Aut
196 2456 253 2519 quia
264 2470 314 2505 non
327 2457 412 2505 firmus
425 2464 518 2519 rectum
529 2455 648 2517 defendis,
660 2445 783 2519 et'haeres,

136 2545 301 2607 Nequicquam
312 2560 383 2594 coeno
394 2545 494 2608 cupiens
506 2546 609 2594 evellere
619 2545 735 2608 pontum.

135 2637 219 2684 Romae
231 2650 272 2684 rus
285 2643 364 2699 optas,
374 2637 497 2685 absentem
509 2634 612 2683 musticus
624 2635 709 2682 urbem

135 2723 213 2772 Tollis
224 2723 254 2771 ed
266 2731 332 2772 astra
345 2724 412 2772 levis.
446 2723 473 2772 Si
485 2737 604 2785 nusquam
616 2736 641 2771 es
654 2723 717 2771 forte
727 2729 826 2770 vocatus

136 2811 176 2858 Ad
187 2824 293 2870 coenem,
305 2811 388 2860 laudas
401 2825 513 2860 securum
525 2812 593 2860 olus:
612 2824 650 2870 ac,
661 2811 728 2858 velut
738 2823 840 2871 usquam

137 2900 238 2948 Vinctus
250 2913 300 2958 eas,
312 2899 346 2948 ita
356 2909 380 2949 te
391 2901 485 2950 felicem
496 2900 566 2961 dicis,
575 2913 699 2962 amesque,

138 2988 209 3043 Quod
222 3000 341 3049 nusquam
351 2988 394 3035 tibi
406 2988 437 3037 sit
448 2989 589 3050 potandum.
623 2987 729 3036 ¹iusserit
740 2986 771 3034 nd
783 3000 808 3033 se

138 3078 259 3124 Maecenas
271 3089 353 3123 serum
364 3076 409 3122 sub
419 3075 513 3124 lumina
524 3075 603 3138 prima
616 3072 698 3122 venire
790 3121 796 3134 ,

141 3163 290 3227 convivam,
308 3164 412 3212 Nemon’
424 3163 505 3210 oleum
521 3164 568 3210 sert
579 3161 665 3210 ocius?
684 3160 763 3222 ecquis
