2396 3866
255 539 286 586 56
491 546 522 598 Q.
540 545 677 596 HORATll
695 551 811 601 FLACC'

381 668 418 715 Te
428 668 478 716 suis
488 679 576 720 matres
587 682 698 724 metuunt
705 678 824 738 juvencis,

380 757 416 804 Te
426 771 495 806 senes
505 761 580 822 parci,
591 762 732 826 miseraeque
743 781 820 828 nuper

379 843 489 906 Virginea
500 856 591 911 nuptae,
602 857 644 898 trra
654 865 685 899 ne
696 855 800 902 retardet

506 937 574 984 Aure
584 937 692 988 maritos.

584 1260 649 1309 ODE
668 1262 711 1310 ix.

556 1427 591 1460 Ab
606 1427 732 1464 VALGIUM.

375 1555 434 1602 Nos
445 1569 539 1618 semper
550 1557 638 1608 imbres
649 1563 753 1614 nubibus
764 1567 871 1629 hispidos

374 1643 476 1690 Manent
486 1643 511 1692 in
522 1658 609 1707 agros3
626 1656 668 1696 aut
678 1664 745 1700 mare
757 1655 870 1718 Caspium

405 1731 501 1782 Vexent
510 1731 639 1794 inequales
649 1741 762 1799 procellae

383 1858 385 1861 .
438 1820 537 1882 Usque;
555 1837 599 1871 nec
609 1825 732 1876 Armeniis
743 1827 768 1876 iu
779 1831 840 1892 oris,

369 1991 454 2042 Amioe
464 1995 544 2056 Valgi,
555 2005 603 2047 stat
612 2001 699 2060 glacies
711 2003 776 2054 iners

368 2083 467 2132 Menses
478 2099 520 2147 per
531 2101 634 2152 omnes;
652 2101 694 2141 aut
704 2097 856 2156 aquilonibus

401 2173 521 2223 Quereete
532 2177 637 2238 Gargani
647 2182 767 2245 laborant,

430 2261 463 2308 Et
472 2261 537 2310 foliis
547 2264 677 2316 viduantur
687 2271 749 2318 orni.

364 2430 403 2476 'lu
413 2443 508 2492 semper
517 2448 605 2494 urgues
616 2438 735 2489 flebilibus
746 2445 825 2492 modis

363 2516 459 2578 Mysten
470 2519 593 2570 odemturn
603 2544 611 2585 ;
630 2540 674 2574 nec
683 2526 728 2576 tibi
738 2531 843 2593 Vespero

394 2603 512 2664 surgente
522 2608 641 2660 decedunt
651 2627 756 2676 amores,

426 2694 477 2742 Nec
487 2697 598 2758 rapidum
609 2701 715 2762 fugiente
726 2705 816 2755 Solem.

360 2864 393 2911 At
404 2878 453 2913 non
464 2873 502 2914 ter
512 2881 563 2917 aevo
574 2872 672 2922 functus
683 2877 811 2926 amabilem

258 3019 262 3026 Ι
359 2951 467 3002 Plorsvit
476 2969 561 3005 omnes
572 2961 732 3012 Antilochum
742 2980 817 3016 senex

389 3041 476 3090 Annos
487 3063 495 3105 ς
512 3059 556 3094 neo
566 3045 689 3110 impubem
699 3063 811 3114 parentes

420 3129 535 3192 Troilon,
547 3143 588 3184 aut
598 3138 708 3202 Phrygiae
719 3156 815 3193 sorores
