2400 3898
265 550 313 600 269
509 543 540 596 Q·
557 540 698 590 HORA'PII
714 541 832 591 FLACCI

268 669 652 738 Quisapereetiaripossltquae
667 669 851 731 annunciem

268 761 361 822 Gratia,
372 757 565 820 mnnvaletndo
572 749 697 820 continget
707 758 812 819 abunde,

268 853 301 900 Et
311 848 414 900 mundos
424 847 512 909 vlcms,
524 859 575 896 non
585 845 712 896 deficiente
722 848 858 896 crumena?

269 940 336 988 Inter
347 951 414 1000 spem
421 949 562 998 curamque,
574 934 674 984 timores
684 934 748 984 inter
759 941 787 982 et
794 933 853 994 irus,

271 1027 377 1078 Omnem
387 1025 457 1074 crede
467 1024 532 1074 diem
541 1022 586 1072 tibi
596 1022 714 1072 diluxisse
722 1036 876 1085 supremum:

271 1117 347 1166 (irata
357 1113 517 1179 superveniet,
528 1127 581 1174 quse
589 1125 640 1160 non
651 1109 797 1174 sperabitur,
808 1110 877 1158 bora.

272 1205 314 1254 Me
324 1203 436 1268 pinguem
447 1209 472 1251 et
482 1200 586 1250 nitidum
596 1201 659 1249 bene
669 1206 753 1248 curata
762 1205 817 1247 cute
827 1197 900 1258 vises,

275 1294 337 1344 Cum
348 1292 427 1341 ridere
436 1292 513 1350 voles,
524 1289 623 1352 Epicuri
634 1289 665 1338 de
673 1301 744 1349 grege
755 1267 863 1350 porcum.

569 1570 733 1620 EPISTOLA
749 1572 779 1617 V.

566 1754 601 1789 nn
618 1753 786 1798 ronounrvsr.

277 1903 305 1952 sr
318 1908 386 1964 potes
397 1900 520 1951 Archiacis
529 1902 629 1952 conviva
641 1904 780 1954 recumbere
790 1902 870 1963 lectis,

278 1991 329 2039 Nec
339 1989 434 2039 modica
443 2003 539 2039 coenare
548 1990 620 2040 times
632 1991 687 2039 olus
697 2005 771 2039 omne
780 1991 884 2054 patella;

278 2079 396 2140 Supremo
407 2085 432 2128 te
442 2079 493 2128 sole
503 2078 581 2139 (lomi,
594 2080 728 2141 Torquate,
740 2080 851 2128 manebo.
899 2139 901 2148 Ι

277 2165 340 2215 Vina
349 2166 427 2227 bibes,
434 2165 522 2215 iterum
532 2167 614 2214 Tauro
626 2165 713 2216 diffusa
723 2169 842 2230 pnusues

279 2257 345 2304 luter
357 2255 496 2305 Minturnas
507 2255 729 2319 Sinuessanumque
741 2256 876 2306 Petrinum.

278 2341 321 2392 Sin
333 2343 420 2393 melius
432 2343 489 2406 quid
499 2345 583 2406 habes,
595 2358 698 2406 menese,
706 2345 744 2394 vel
755 2343 886 2408 imperium
896 2345 941 2394 ier.

278 2430 427 2479 iamdudum
439 2431 636 2494 splendescens,
647 2441 672 2481 et
682 2433 727 2482 tibi
738 2434 829 2483 munds
841 2434 960 2497 supellex.

279 2517 352 2567 Mitte
362 2519 425 2568 leves
437 2533 501 2581 spes,
511 2527 536 2568 et
546 2520 680 2570 certamina
689 2521 839 2584 divitiarum,

280 2609 312 2657 Et
323 2607 420 2656 Moschi
432 2621 544 2657 ceruam:
562 2622 616 2658 cras
628 2618 685 2659 nato
697 2611 792 2661 Caesare
803 2612 879 2660 fenon

280 2699 328 2747 Dat
337 2697 433 2747 veniam
444 2711 605 2761 somnumque
618 2699 686 2762 dies3
705 2699 803 2763 impune
814 2698 896 2749 licebit

280 2787 398 2837 AEstiram
409 2801 521 2837 sermone
531 2787 636 2848 benigno
648 2787 748 2838 tendere
759 2795 865 2837 noctem.

281 2877 336 2930 Quo
346 2875 407 2924 mibi
418 2877 553 2935 fortunam,
564 2874 585 2923 si
597 2890 646 2924 non
657 2876 797 2925 conceditur
809 2875 866 2924 uti?

282 2964 370 3012 Parcus
380 2965 413 3012 ob
423 2963 526 3013 heredis
537 2977 620 3012 curum
632 2963 782 3028 nimiumque
792 2977 890 3013 severus

280 3035 377 3099 Assidet
387 3050 481 3100 insano.
515 3051 842 3114 Putareetspurgerellores

281 3137 407 3201 Incipiam,
418 3139 543 3204 patiarque
554 3142 591 3190 vel
602 3139 754 3190 inconsultus
764 3138 857 3190 baberi.
