2396 3866
364 547 548 597 CARMINUM
565 547 627 597 LlB.
645 551 664 598 l.
680 548 724 598 xii.
911 553 940 599 lo

272 677 321 724 Aut
332 673 357 722 in
368 673 492 724 umbrosis
504 674 629 723 Heliconis
640 675 701 736 oris,

272 763 322 810 Aut
333 775 404 825 super
417 762 506 822 Pindo,
517 761 625 823 gelidove
635 763 662 811 in
676 765 782 812 llaemo?

273 849 344 898 Unde
355 851 463 899 voeolem
474 857 565 900 temere
576 849 690 900 insecutae

292 978 299 994 ,,
400 937 499 1000 Orphea
509 937 586 998 silve,

272 1112 331 1158 Arte
341 1116 451 1159 materna
461 1109 558 1173 rapidos
569 1118 706 1159 morantem

273 1197 414 1245 Fluminum
424 1198 518 1260 lapsus,
530 1199 668 1258 celeresque
678 1206 761 1246 ventos
771 1217 779 1259 ς

273 1284 395 1334 Blandum
405 1291 431 1334 et
442 1285 532 1333 aurine
544 1284 631 1334 lidibus
642 1285 736 1335 emeris

402 1374 496 1421 Ducere
507 1385 616 1434 quercus.

221 1597 223 1602 ,
274 1544 337 1600 Quid
347 1545 413 1609 prius
425 1545 503 1612 dicem
514 1547 592 1596 solitis
602 1547 708 1610 parennis

273 1633 391 1684 Laudibus
402 1635 412 1683 ἓ
431 1634 473 1696 qui
484 1649 523 1684 res
533 1634 662 1684 hominum
673 1649 701 1685 ec
712 1636 813 1685 deorum
825 1657 833 1698 ;

272 1722 320 1776 Qui
331 1737 396 1772 mere
408 1730 433 1772 et
442 1729 530 1784 terres,
541 1721 661 1787 verisque
676 1725 794 1774 mundum

400 1814 529 1875 Temperet
539 1812 621 1863 horis:

274 1984 347 2034 Unde
358 1985 393 2032 nil
404 1987 482 2046 majus
494 1992 621 2045 generetur
631 1987 695 2047 ipso,

273 2075 325 2121 Nec
335 2072 398 2134 viget
409 2073 540 2134 quidquam
551 2072 640 2132 simile,
652 2081 694 2122 aut
705 2073 850 2122 secundum:

275 2161 404 2210 Proximos
416 2160 453 2210 illi
465 2167 546 2210 tamen
557 2160 682 2224 occupavit

404 2250 482 2299 Pallas
493 2251 606 2299 honores.

274 2424 370 2473 Proeliis
382 2423 471 2484 audax,
483 2437 560 2485 neque
570 2430 595 2472 te
605 2423 692 2483 silebo,

275 2514 362 2576 Liber3
379 2521 403 2562 el
414 2513 482 2562 saevis
494 2512 591 2562 inimica
601 2513 668 2574 virgo

273 2603 365 2652 Belluis
375 2623 383 2665 3
400 2617 445 2652 nec
455 2611 490 2661 tc,
502 2602 629 2652 metuende
640 2611 706 2652 certa

405 2693 495 2740 Phoebe
506 2691 598 2752 sagitta.

274 2864 357 2914 Dicam
369 2872 394 2914 et
404 2864 517 2926 Alciden,
530 2879 665 2928 puerosque
677 2867 764 2926 bedae3

275 2955 346 3002 Hunc
357 2953 436 3015 equis,
448 2954 519 3003 illum
530 2968 644 3018 superare
655 2954 742 3018 pugnis

276 3041 403 3092 Nobilem:
421 3057 525 3103 quorum
537 3043 609 3092 simul
621 3045 675 3092 alba
686 3039 766 3089 nautis
786 3111 789 3116 Ι

404 3130 480 3178 Stella
491 3131 596 3190 refulsit,
