2400 3898
336 571 575 622 EPISI'OLARUM
594 575 657 623 nin.
675 577 695 625 Ι.
711 592 752 625 xv.
892 583 939 630 289

142 697 215 750 Quod
225 711 264 745 me
275 699 377 748 Lucana
386 701 501 761 juvenem
512 702 666 751 commendet
677 703 780 766 amicae.)

140 787 244 836 l'ractus
255 795 309 838 uter
320 790 401 852 plures
412 791 518 852 lepores,
529 798 584 840 uter
594 793 680 843 educet
690 809 776 858 apros:

141 877 204 928 Utra
214 878 289 939 magis
301 879 376 941 pisces
389 888 413 928 et
425 881 524 930 echinos
536 897 634 942 aequora
648 885 744 947 celent3

141 964 239 1026 Pinguis
251 974 279 1015 nt
290 967 346 1016 inde
357 968 457 1016 domum
469 969 559 1031 possim
570 971 706 1033 Phaeaxque
718 973 818 1021 reverti:

139 1053 250 1102 Scribere
261 1062 285 1102 te
297 1056 377 1115 nobis,
389 1057 434 1104 tibi
446 1072 491 1105 nos
504 1059 638 1119 accredere,
651 1073 695 1121 par
705 1069 750 1109 est

140 1142 255 1201 Maenius,
267 1150 295 1190 ut
306 1144 377 1192 rebus
390 1146 506 1194 maternis
518 1154 589 1208 atque
599 1148 705 1209 paternis
778 1205 781 1210 Δ

139 1229 245 1278 Fortiter
256 1231 372 1278 absumtis
384 1233 491 1280 urbanus
503 1234 577 1296 coepit
584 1235 680 1294 haberi,

140 1321 230 1368 Scurra
240 1335 324 1381 vagus,
336 1335 386 1368 non
398 1322 439 1382 qui
450 1330 544 1370 certum
555 1338 662 1386 praesepe
674 1332 777 1384 teneret,

141 1409 280 1470 impransus
292 1423 342 1456 non
354 1399 395 1470 qui
406 1410 482 1458 civem
495 1411 646 1471 dignosceret
656 1412 743 1473 hoste;

140 1495 260 1549 Quaelibet
271 1497 297 1542 in
308 1496 416 1556 quemvis
429 1498 558 1559 opprobria
569 1499 660 1559 'fingere
671 1513 765 1561 saevus3

140 1583 260 1631 Pernicies
272 1592 297 1632 et
307 1591 435 1646 tempestas
446 1586 634 1648 barathrumque
645 1587 752 1647 macelli,

140 1671 259 1733 Quicquid
267 1672 406 1732 quaesierat,
417 1674 495 1720 ventri
507 1673 612 1722 donabat
622 1688 703 1722 avaro.

139 1759 196 1816 Hic,
208 1759 249 1806 ubi
261 1759 373 1820 nequitiae
384 1759 518 1806 fautoribus
529 1766 554 1806 et
564 1759 656 1807 timidis
669 1760 705 1806 nil

138 1847 189 1893 Aut
200 1847 299 1908 paulum
310 1847 451 1904 abstineret,
464 1846 558 1907 patinas
566 1849 677 1895 coenabat
688 1846 775 1905 omasi,

137 1931 199 1981 Vilis
209 1940 233 1980 et
243 1933 347 1994 agninae,
359 1933 436 1981 tribus
447 1933 510 1981 ursis
523 1934 587 1995 quod
599 1934 657 1981 satis
668 1941 746 1995 esset3

110 2055 113 2062 .
138 2020 234 2069 Scilicet
244 2028 272 2068 ut
283 2027 377 2069 ventres
388 2021 471 2068 lamna
481 2021 600 2069 candente
610 2029 727 2084 nepotum

138 2109 235 2157 Diceret
245 2109 350 2157 urendos
361 2117 483 2157 corrector
497 2109 603 2157 Bestius.
637 2109 704 2157 Idem

138 2197 259 2260 Quicquid
269 2204 322 2246 erat
332 2205 416 2246 nactus
428 2198 514 2259 praedae
526 2197 636 2258 maioris,
647 2196 689 2246 ubi
701 2209 774 2245 omne

137 2288 250 2335 Verterat
260 2287 285 2334 in
298 2287 393 2334 fumum
404 2293 429 2334 et
440 2287 557 2346 cinerem,
569 2290 626 2335 Non
637 2288 736 2335 hercule
747 2285 835 2345 miror,

137 2375 234 2434 Aiebat,
247 2376 267 2423 si
279 2375 321 2437 qui
332 2374 462 2423 comedunt
471 2375 552 2435 bona3
570 2390 625 2422 cum
638 2375 669 2422 sit
679 2375 753 2423 obeso
783 2402 785 2406 -

139 2465 182 2512 ldrl
193 2465 280 2513 melius
292 2464 374 2524 turdo,
387 2463 422 2511 nii
434 2464 504 2512 mlva
515 2464 638 2525 pulchrius
650 2464 738 2526 ampla.

139 2551 262 2601 Nimirum
273 2553 312 2601 hic
324 2567 368 2614 ego
380 2567 451 2613 sum;
469 2565 526 2600 nam
537 2560 591 2600 tuta
601 2559 626 2600 et
634 2553 734 2614 parvula
744 2551 828 2611 laudo,

140 2643 203 2691 Cum
214 2655 252 2690 res
265 2641 389 2701 deliciunt,
401 2642 459 2690 satis
470 2642 534 2690 inter
545 2641 604 2689 vilia
614 2641 700 2689 fortis:

138 2731 229 2776 Verum
236 2728 278 2777 uhi
287 2729 344 2790 quid
354 2730 441 2777 melius
452 2728 571 2790 contingit
582 2736 607 2777 et
617 2729 724 2788 uncdus,
732 2727 796 2776 idem

138 2817 189 2863 Vos
201 2827 284 2878 sapere
295 2823 319 2864 et
327 2817 392 2864 solos
404 2816 442 2864 aio
454 2819 516 2865 bene
527 2816 616 2875 vivere,
629 2829 732 2877 quorum

140 2900 294 2966 Conspicitur
305 2901 388 2952 nitidis
399 2904 499 2953 fundata
509 2903 611 2967 pecnnia
621 2901 693 2950 villis.
