<?xml version="1.0" encoding="UTF-8"?>
<!DOCTYPE html PUBLIC "-//W3C//DTD XHTML 1.0 Transitional//EN"
    "http://www.w3.org/TR/xhtml1/DTD/xhtml1-transitional.dtd">
<html xmlns="http://www.w3.org/1999/xhtml" xml:lang="en" lang="en">
 <head>
  <title>
</title>
<meta http-equiv="Content-Type" content="text/html;charset=utf-8" />
  <meta name='ocr-system' content='tesseract 3.04.00' />
  <meta name='ocr-capabilities' content='ocr_page ocr_carea ocr_par ocr_line ocrx_word'/>
</head>
<body>
  <div class='ocr_page' id='page_1' title='image "./opera00gesngoog_0043.png"; bbox 0 0 2396 3866; ppageno 0'>
   <div class='ocr_carea' id='block_1_1' title="bbox 273 563 831 634">
    <p class='ocr_par' dir='ltr' id='par_1_1' title="bbox 273 563 831 634">
     <span class='ocr_line' id='line_1_1' title="bbox 273 563 831 634; baseline -0.005 -21"><span class='ocrx_word' id='word_1_1' title='bbox 273 570 303 614; x_wconf 77' lang='lat' dir='ltr'><strong>or</strong></span> <span class='ocrx_word' id='word_1_2' title='bbox 509 567 538 619; x_wconf 87' lang='lat' dir='ltr'><strong>o.</strong></span> <span class='ocrx_word' id='word_1_3' title='bbox 557 564 695 634; x_wconf 75' lang='lat' dir='ltr'><strong>uonnrn</strong></span> <span class='ocrx_word' id='word_1_4' title='bbox 714 563 831 612; x_wconf 81' lang='lat' dir='ltr'><strong>rnnccr</strong></span> 
     </span>
    </p>
   </div>
   <div class='ocr_carea' id='block_1_2' title="bbox 337 690 1011 1541">
    <p class='ocr_par' dir='ltr' id='par_1_2' title="bbox 339 690 970 840">
     <span class='ocr_line' id='line_1_2' title="bbox 339 690 970 752; baseline -0.005 -12"><span class='ocrx_word' id='word_1_5' title='bbox 339 694 475 740; x_wconf 73' lang='lat' dir='ltr'>plectantur</span> <span class='ocrx_word' id='word_1_6' title='bbox 488 691 563 750; x_wconf 84' lang='lat' dir='ltr'><strong>silvae,</strong></span> <span class='ocrx_word' id='word_1_7' title='bbox 575 699 599 740; x_wconf 90' lang='lat' dir='ltr'><strong>te</strong></span> <span class='ocrx_word' id='word_1_8' title='bbox 611 690 717 752; x_wconf 87' lang='lat' dir='ltr'><strong>sospitc·;</strong></span> <span class='ocrx_word' id='word_1_9' title='bbox 734 691 858 751; x_wconf 87' lang='lat' dir='ltr'><strong>multaque</strong></span> <span class='ocrx_word' id='word_1_10' title='bbox 868 704 970 750; x_wconf 83' lang='lat' dir='ltr'><strong>merces,</strong></span> 
     </span>
     <span class='ocr_line' id='line_1_3' title="bbox 361 775 777 840; baseline -0.002 -13"><span class='ocrx_word' id='word_1_11' title='bbox 361 775 442 828; x_wconf 79' lang='lat' dir='ltr'><strong>¹Unde</strong></span> <span class='ocrx_word' id='word_1_12' title='bbox 454 784 542 840; x_wconf 88' lang='lat' dir='ltr'><strong>potest,</strong></span> <span class='ocrx_word' id='word_1_13' title='bbox 553 778 597 826; x_wconf 89' lang='lat' dir='ltr'><strong>tibi</strong></span> <span class='ocrx_word' id='word_1_14' title='bbox 608 777 697 825; x_wconf 86' lang='lat' dir='ltr'><strong>defluat</strong></span> <span class='ocrx_word' id='word_1_15' title='bbox 709 792 777 837; x_wconf 87' lang='lat' dir='ltr'><strong>aequo</strong></span> 
     </span>
    </p>

    <p class='ocr_par' dir='ltr' id='par_1_3' title="bbox 337 864 933 1014">
     <span class='ocr_line' id='line_1_4' title="bbox 337 864 933 926; baseline -0.003 -12"><span class='ocrx_word' id='word_1_16' title='bbox 337 867 375 914; x_wconf 84' lang='lat' dir='ltr'><strong>Ab</strong></span> <span class='ocrx_word' id='word_1_17' title='bbox 386 868 457 925; x_wconf 86' lang='lat' dir='ltr'><strong>Jove,</strong></span> <span class='ocrx_word' id='word_1_18' title='bbox 470 867 630 926; x_wconf 85' lang='lat' dir='ltr'><strong>Neptunoque</strong></span> <span class='ocrx_word' id='word_1_19' title='bbox 643 864 704 912; x_wconf 88' lang='lat' dir='ltr'><strong>sacri</strong></span> <span class='ocrx_word' id='word_1_20' title='bbox 715 864 814 912; x_wconf 86' lang='lat' dir='ltr'><strong>custode</strong></span> <span class='ocrx_word' id='word_1_21' title='bbox 825 865 933 912; x_wconf 83' lang='lat' dir='ltr'><strong>Tarenti.</strong></span> 
     </span>
     <span class='ocr_line' id='line_1_5' title="bbox 369 951 760 1014; baseline -0.003 -14"><span class='ocrx_word' id='word_1_22' title='bbox 369 952 475 1014; x_wconf 77' lang='lat' dir='ltr'><strong>negligis</strong></span> <span class='ocrx_word' id='word_1_23' title='bbox 487 951 613 1000; x_wconf 86' lang='lat' dir='ltr'><strong>immeritis</strong></span> <span class='ocrx_word' id='word_1_24' title='bbox 625 952 760 1000; x_wconf 82' lang='lat' dir='ltr'><strong>nocituram</strong></span> 
     </span>
    </p>

    <p class='ocr_par' dir='ltr' id='par_1_4' title="bbox 339 1023 992 1190">
     <span class='ocr_line' id='line_1_6' title="bbox 339 1023 992 1090; baseline 0 -3"><span class='ocrx_word' id='word_1_25' title='bbox 339 1041 469 1090; x_wconf 81' lang='lat' dir='ltr'><strong>Postmodo</strong></span> <span class='ocrx_word' id='word_1_26' title='bbox 481 1048 504 1088; x_wconf 88' lang='lat' dir='ltr'><strong>te</strong></span> <span class='ocrx_word' id='word_1_27' title='bbox 514 1035 577 1088; x_wconf 84' lang='lat' dir='ltr'><strong>natis</strong></span> <span class='ocrx_word' id='word_1_28' title='bbox 589 1041 698 1088; x_wconf 79' lang='lat' dir='ltr'><strong>fraudem</strong></span> <span class='ocrx_word' id='word_1_29' title='bbox 709 1023 878 1088; x_wconf 82' lang='lat' dir='ltr'><strong>committere?</strong></span> <span class='ocrx_word' id='word_1_30' title='bbox 897 1041 956 1088; x_wconf 85' lang='lat' dir='ltr'><strong>Fors</strong></span> <span class='ocrx_word' id='word_1_31' title='bbox 968 1048 992 1087; x_wconf 86' lang='lat' dir='ltr'><strong>et</strong></span> 
     </span>
     <span class='ocr_line' id='line_1_7' title="bbox 370 1127 759 1190; baseline -0.003 -14"><span class='ocrx_word' id='word_1_32' title='bbox 370 1127 457 1176; x_wconf 80' lang='lat' dir='ltr'><strong>Debita</strong></span> <span class='ocrx_word' id='word_1_33' title='bbox 464 1130 521 1188; x_wconf 86' lang='lat' dir='ltr'><strong>jura</strong></span> <span class='ocrx_word' id='word_1_34' title='bbox 531 1128 640 1189; x_wconf 83' lang='lat' dir='ltr'><strong>vicesque</strong></span> <span class='ocrx_word' id='word_1_35' title='bbox 651 1129 759 1190; x_wconf 86' lang='lat' dir='ltr'><strong>superbae</strong></span> 
     </span>
    </p>

    <p class='ocr_par' dir='ltr' id='par_1_5' title="bbox 337 1213 1011 1366">
     <span class='ocr_line' id='line_1_8' title="bbox 337 1213 1011 1279; baseline -0.004 -16"><span class='ocrx_word' id='word_1_36' title='bbox 337 1218 373 1263; x_wconf 85' lang='lat' dir='ltr'><strong>Te</strong></span> <span class='ocrx_word' id='word_1_37' title='bbox 385 1224 499 1264; x_wconf 86' lang='lat' dir='ltr'><strong>maneant</strong></span> <span class='ocrx_word' id='word_1_38' title='bbox 510 1215 605 1278; x_wconf 85' lang='lat' dir='ltr'><strong>ipsum:</strong></span> <span class='ocrx_word' id='word_1_39' title='bbox 623 1215 731 1279; x_wconf 84' lang='lat' dir='ltr'><strong>precibus</strong></span> <span class='ocrx_word' id='word_1_40' title='bbox 743 1230 792 1263; x_wconf 90' lang='lat' dir='ltr'><strong>non</strong></span> <span class='ocrx_word' id='word_1_41' title='bbox 803 1214 899 1276; x_wconf 88' lang='lat' dir='ltr'><strong>linquar</strong></span> <span class='ocrx_word' id='word_1_42' title='bbox 911 1213 1011 1274; x_wconf 86' lang='lat' dir='ltr'><strong>inultis,</strong></span> 
     </span>
     <span class='ocr_line' id='line_1_9' title="bbox 369 1304 773 1366; baseline 0.002 -15"><span class='ocrx_word' id='word_1_43' title='bbox 369 1306 452 1364; x_wconf 82' lang='lat' dir='ltr'>Teque</span> <span class='ocrx_word' id='word_1_44' title='bbox 463 1304 556 1366; x_wconf 85' lang='lat' dir='ltr'><strong>piacula</strong></span> <span class='ocrx_word' id='word_1_45' title='bbox 567 1305 636 1352; x_wconf 90' lang='lat' dir='ltr'><strong>nulla</strong></span> <span class='ocrx_word' id='word_1_46' title='bbox 646 1306 773 1353; x_wconf 85' lang='lat' dir='ltr'><strong>resolvent.</strong></span> 
     </span>
    </p>

    <p class='ocr_par' dir='ltr' id='par_1_6' title="bbox 340 1390 1008 1541">
     <span class='ocr_line' id='line_1_10' title="bbox 340 1390 1008 1456; baseline 0 -18"><span class='ocrx_word' id='word_1_47' title='bbox 340 1395 482 1452; x_wconf 82' lang='lat' dir='ltr'><strong>Quanquam</strong></span> <span class='ocrx_word' id='word_1_48' title='bbox 494 1390 592 1440; x_wconf 82' lang='lat' dir='ltr'><strong>festinas</strong></span> <span class='ocrx_word' id='word_1_49' title='bbox 609 1394 669 1456; x_wconf 88' lang='lat' dir='ltr'><strong>(non</strong></span> <span class='ocrx_word' id='word_1_50' title='bbox 680 1402 717 1441; x_wconf 88' lang='lat' dir='ltr'><strong>est</strong></span> <span class='ocrx_word' id='word_1_51' title='bbox 729 1407 797 1442; x_wconf 89' lang='lat' dir='ltr'><strong>mora</strong></span> <span class='ocrx_word' id='word_1_52' title='bbox 808 1392 888 1454; x_wconf 77' lang='lat' dir='ltr'><strong>longa)</strong></span> <span class='ocrx_word' id='word_1_53' title='bbox 902 1413 910 1454; x_wconf 87' lang='lat'>;</span> <span class='ocrx_word' id='word_1_54' title='bbox 927 1391 1008 1440; x_wconf 82' lang='lat' dir='ltr'>licebit</span> 
     </span>
     <span class='ocr_line' id='line_1_11' title="bbox 372 1479 719 1541; baseline 0.006 -17"><span class='ocrx_word' id='word_1_55' title='bbox 372 1479 461 1538; x_wconf 87' lang='lat' dir='ltr'><strong>injecto</strong></span> <span class='ocrx_word' id='word_1_56' title='bbox 472 1485 509 1526; x_wconf 88' lang='lat' dir='ltr'><strong>ter</strong></span> <span class='ocrx_word' id='word_1_57' title='bbox 520 1479 618 1541; x_wconf 85' lang='lat' dir='ltr'><strong>pulvere</strong></span> <span class='ocrx_word' id='word_1_58' title='bbox 629 1493 719 1527; x_wconf 84' lang='lat' dir='ltr'><strong>curras.</strong></span> 
     </span>
    </p>
   </div>
   <div class='ocr_carea' id='block_1_3' title="bbox 585 1678 761 1727">
    <p class='ocr_par' dir='ltr' id='par_1_7' title="bbox 585 1678 761 1727">
     <span class='ocr_line' id='line_1_12' title="bbox 585 1678 761 1727; baseline -0.006 0"><span class='ocrx_word' id='word_1_59' title='bbox 585 1678 652 1727; x_wconf 89' lang='lat' dir='ltr'><strong>ODE</strong></span> <span class='ocrx_word' id='word_1_60' title='bbox 670 1680 761 1727; x_wconf 86' lang='lat' dir='ltr'>XXIX.</span> 
     </span>
    </p>
   </div>
   <div class='ocr_carea' id='block_1_4' title="bbox 594 1865 748 1900">
    <p class='ocr_par' dir='ltr' id='par_1_8' title="bbox 594 1865 748 1900">
     <span class='ocr_line' id='line_1_13' title="bbox 594 1865 748 1900; baseline 0.006 -1"><span class='ocrx_word' id='word_1_61' title='bbox 594 1865 629 1900; x_wconf 76' lang='lat' dir='ltr'><strong>Ab</strong></span> <span class='ocrx_word' id='word_1_62' title='bbox 645 1865 748 1900; x_wconf 78' lang='lat' dir='ltr'><strong>ICCIUM.</strong></span> 
     </span>
    </p>
   </div>
   <div class='ocr_carea' id='block_1_5' title="bbox 1007 2003 1010 2016">
    <p class='ocr_par' dir='ltr' id='par_1_9' title="bbox 1007 2003 1010 2016">
     <span class='ocr_line' id='line_1_14' title="bbox 1007 2003 1010 2016; baseline 0 0"><span class='ocrx_word' id='word_1_63' title='bbox 1007 2003 1010 2016; x_wconf 78' lang='lat' dir='ltr'><strong>i</strong></span> 
     </span>
    </p>
   </div>
   <div class='ocr_carea' id='block_1_6' title="bbox 405 2020 864 2345">
    <p class='ocr_par' dir='ltr' id='par_1_10' title="bbox 405 2020 856 2174">
     <span class='ocr_line' id='line_1_15' title="bbox 406 2020 856 2081; baseline 0.013 -14"><span class='ocrx_word' id='word_1_64' title='bbox 406 2022 474 2081; x_wconf 71' lang='lat' dir='ltr'><strong>Iccr,</strong></span> <span class='ocrx_word' id='word_1_65' title='bbox 482 2020 557 2072; x_wconf 86' lang='lat' dir='ltr'><strong>beatis</strong></span> <span class='ocrx_word' id='word_1_66' title='bbox 569 2037 634 2070; x_wconf 89' lang='lat' dir='ltr'><strong>nunc</strong></span> <span class='ocrx_word' id='word_1_67' title='bbox 644 2023 754 2072; x_wconf 81' lang='lat' dir='ltr'><strong>Arabum</strong></span> <span class='ocrx_word' id='word_1_68' title='bbox 765 2021 856 2072; x_wconf 87' lang='lat' dir='ltr'><strong>invides</strong></span> 
     </span>
     <span class='ocr_line' id='line_1_16' title="bbox 405 2109 830 2174; baseline 0.012 -19"><span class='ocrx_word' id='word_1_69' title='bbox 405 2109 493 2171; x_wconf 85' lang='lat' dir='ltr'><strong>Gazis;</strong></span> <span class='ocrx_word' id='word_1_70' title='bbox 510 2118 535 2158; x_wconf 88' lang='lat' dir='ltr'><strong>et</strong></span> <span class='ocrx_word' id='word_1_71' title='bbox 545 2124 625 2159; x_wconf 86' lang='lat' dir='ltr'><strong>acrem</strong></span> <span class='ocrx_word' id='word_1_72' title='bbox 637 2110 749 2160; x_wconf 86' lang='lat' dir='ltr'><strong>militiam</strong></span> <span class='ocrx_word' id='word_1_73' title='bbox 760 2125 830 2174; x_wconf 85' lang='lat' dir='ltr'><strong>paras</strong></span> 
     </span>
    </p>

    <p class='ocr_par' dir='ltr' id='par_1_11' title="bbox 435 2185 864 2345">
     <span class='ocr_line' id='line_1_17' title="bbox 435 2185 864 2246; baseline 0.007 -2"><span class='ocrx_word' id='word_1_74' title='bbox 435 2198 492 2246; x_wconf 91' lang='lat' dir='ltr'><strong>Non</strong></span> <span class='ocrx_word' id='word_1_75' title='bbox 504 2204 559 2245; x_wconf 85' lang='lat' dir='ltr'><strong>ante</strong></span> <span class='ocrx_word' id='word_1_76' title='bbox 570 2197 668 2246; x_wconf 69' lang='lat' dir='ltr'><strong>demotis</strong></span> <span class='ocrx_word' id='word_1_77' title='bbox 680 2200 768 2246; x_wconf 82' lang='lat' dir='ltr'><strong>Sabaeae</strong></span> <span class='ocrx_word' id='word_1_78' title='bbox 863 2185 864 2188; x_wconf 23' lang='lat'>¹</span> 
     </span>
     <span class='ocr_line' id='line_1_18' title="bbox 466 2283 834 2345; baseline 0.008 -15"><span class='ocrx_word' id='word_1_79' title='bbox 466 2283 580 2342; x_wconf 78' lang='lat' dir='ltr'><strong>Regibus,</strong></span> <span class='ocrx_word' id='word_1_80' title='bbox 592 2284 750 2345; x_wconf 83' lang='lat' dir='ltr'><strong>horribilique</strong></span> <span class='ocrx_word' id='word_1_81' title='bbox 760 2284 834 2333; x_wconf 89' lang='lat' dir='ltr'><strong>Medo</strong></span> 
     </span>
    </p>
   </div>
   <div class='ocr_carea' id='block_1_7' title="bbox 404 2452 891 2781">
    <p class='ocr_par' dir='ltr' id='par_1_12' title="bbox 404 2452 891 2781">
     <span class='ocr_line' id='line_1_19' title="bbox 405 2452 891 2517; baseline 0.006 -16"><span class='ocrx_word' id='word_1_82' title='bbox 405 2452 488 2501; x_wconf 86' lang='lat' dir='ltr'><strong>Noctis</strong></span> <span class='ocrx_word' id='word_1_83' title='bbox 498 2459 601 2501; x_wconf 85' lang='lat' dir='ltr'><strong>catenas.</strong></span> <span class='ocrx_word' id='word_1_84' title='bbox 635 2456 695 2508; x_wconf 86' lang='lat' dir='ltr'><strong>Quae</strong></span> <span class='ocrx_word' id='word_1_85' title='bbox 705 2455 750 2503; x_wconf 89' lang='lat' dir='ltr'><strong>tibi</strong></span> <span class='ocrx_word' id='word_1_86' title='bbox 761 2454 891 2517; x_wconf 80' lang='lat' dir='ltr'><strong>virginum,</strong></span> 
     </span>
     <span class='ocr_line' id='line_1_20' title="bbox 404 2542 832 2604; baseline 0.002 -13"><span class='ocrx_word' id='word_1_87' title='bbox 404 2543 499 2604; x_wconf 80' lang='lat' dir='ltr'><strong>Sponso</strong></span> <span class='ocrx_word' id='word_1_88' title='bbox 509 2549 604 2601; x_wconf 90' lang='lat' dir='ltr'><strong>necato,</strong></span> <span class='ocrx_word' id='word_1_89' title='bbox 616 2543 717 2590; x_wconf 88' lang='lat' dir='ltr'><strong>barbara</strong></span> <span class='ocrx_word' id='word_1_90' title='bbox 728 2542 832 2592; x_wconf 84' lang='lat' dir='ltr'><strong>serviet?</strong></span> 
     </span>
     <span class='ocr_line' id='line_1_21' title="bbox 435 2628 780 2694; baseline 0.003 -17"><span class='ocrx_word' id='word_1_91' title='bbox 435 2628 498 2677; x_wconf 88' lang='lat' dir='ltr'><strong>Puer</strong></span> <span class='ocrx_word' id='word_1_92' title='bbox 509 2628 563 2689; x_wconf 86' lang='lat' dir='ltr'><strong>quis</strong></span> <span class='ocrx_word' id='word_1_93' title='bbox 574 2643 605 2678; x_wconf 86' lang='lat' dir='ltr'><strong>ex</strong></span> <span class='ocrx_word' id='word_1_94' title='bbox 616 2631 673 2678; x_wconf 84' lang='lat' dir='ltr'><strong>aula</strong></span> <span class='ocrx_word' id='word_1_95' title='bbox 682 2631 780 2694; x_wconf 83' lang='lat' dir='ltr'><strong>capillis-</strong></span> 
     </span>
     <span class='ocr_line' id='line_1_22' title="bbox 465 2717 857 2781; baseline 0.013 -16"><span class='ocrx_word' id='word_1_96' title='bbox 465 2717 506 2766; x_wconf 87' lang='lat' dir='ltr'><strong>Ad</strong></span> <span class='ocrx_word' id='word_1_97' title='bbox 516 2719 628 2781; x_wconf 84' lang='lat' dir='ltr'><strong>cyathum</strong></span> <span class='ocrx_word' id='word_1_98' title='bbox 639 2726 757 2770; x_wconf 86' lang='lat' dir='ltr'><strong>statuetur</strong></span> <span class='ocrx_word' id='word_1_99' title='bbox 767 2719 857 2780; x_wconf 84' lang='lat' dir='ltr'><strong>unctis,</strong></span> 
     </span>
    </p>
   </div>
   <div class='ocr_carea' id='block_1_8' title="bbox 401 2884 873 3214">
    <p class='ocr_par' dir='ltr' id='par_1_13' title="bbox 401 2884 873 3214">
     <span class='ocr_line' id='line_1_23' title="bbox 401 2884 815 2945; baseline 0.005 -11"><span class='ocrx_word' id='word_1_100' title='bbox 401 2885 492 2934; x_wconf 82' lang='lat' dir='ltr'><strong>Doctus</strong></span> <span class='ocrx_word' id='word_1_101' title='bbox 505 2884 601 2945; x_wconf 79' lang='lat' dir='ltr'><strong>sagittas</strong></span> <span class='ocrx_word' id='word_1_102' title='bbox 612 2887 710 2935; x_wconf 65' lang='lat' dir='ltr'><strong>undere</strong></span> <span class='ocrx_word' id='word_1_103' title='bbox 722 2887 815 2936; x_wconf 84' lang='lat' dir='ltr'><strong>Sericas</strong></span> 
     </span>
     <span class='ocr_line' id='line_1_24' title="bbox 401 2974 842 3036; baseline 0.005 -14"><span class='ocrx_word' id='word_1_104' title='bbox 401 2975 467 3022; x_wconf 87' lang='lat' dir='ltr'><strong>Arcu</strong></span> <span class='ocrx_word' id='word_1_105' title='bbox 478 2975 596 3036; x_wconf 81' lang='lat' dir='ltr'><strong>paterno?</strong></span> <span class='ocrx_word' id='word_1_106' title='bbox 616 2974 669 3034; x_wconf 89' lang='lat' dir='ltr'><strong>quis</strong></span> <span class='ocrx_word' id='word_1_107' title='bbox 681 2983 750 3036; x_wconf 82' lang='lat' dir='ltr'><strong>neget</strong></span> <span class='ocrx_word' id='word_1_108' title='bbox 761 2975 842 3024; x_wconf 88' lang='lat' dir='ltr'><strong>arduis</strong></span> 
     </span>
     <span class='ocr_line' id='line_1_25' title="bbox 434 3061 769 3125; baseline 0.009 -16"><span class='ocrx_word' id='word_1_109' title='bbox 434 3063 527 3110; x_wconf 88' lang='lat' dir='ltr'><strong>Pronos</strong></span> <span class='ocrx_word' id='word_1_110' title='bbox 538 3061 613 3110; x_wconf 88' lang='lat' dir='ltr'><strong>relabi</strong></span> <span class='ocrx_word' id='word_1_111' title='bbox 624 3076 694 3125; x_wconf 85' lang='lat' dir='ltr'><strong>posse</strong></span> <span class='ocrx_word' id='word_1_112' title='bbox 705 3063 769 3112; x_wconf 88' lang='lat' dir='ltr'><strong>rivos</strong></span> 
     </span>
     <span class='ocr_line' id='line_1_26' title="bbox 464 3149 873 3214; baseline 0.012 -17"><span class='ocrx_word' id='word_1_113' title='bbox 464 3149 600 3212; x_wconf 86' lang='lat' dir='ltr'><strong>Montibus,</strong></span> <span class='ocrx_word' id='word_1_114' title='bbox 612 3157 637 3200; x_wconf 84' lang='lat' dir='ltr'><strong>et</strong></span> <span class='ocrx_word' id='word_1_115' title='bbox 646 3149 754 3202; x_wconf 70' lang='lat' dir='ltr'><strong>&#39;libcrim</strong></span> <span class='ocrx_word' id='word_1_116' title='bbox 768 3151 873 3214; x_wconf 86' lang='lat' dir='ltr'><strong>reverti;</strong></span> 
     </span>
    </p>
   </div>
   <div class='ocr_carea' id='block_1_9' title="bbox 0 0 1202 3866">
    <p class='ocr_par' dir='ltr' id='par_1_14' title="bbox 0 0 1202 3866">
     <span class='ocr_line' id='line_1_27' title="bbox 0 0 1202 3866; baseline 0 0"><span class='ocrx_word' id='word_1_117' title='bbox 0 0 1202 3866; x_wconf 95' lang='lat' dir='ltr'><strong> </strong></span> 
     </span>
    </p>
   </div>
  </div>
 </body>
</html>
