2432 3874
367 536 560 586 SERMONUM
577 536 640 585 LIB.
657 537 690 584 11.
707 535 733 584 ii.
907 536 954 584 229

10 627 12 672 ξ
55 647 58 652 ¹
155 665 183 712 iu
196 669 307 713 neutram
318 664 501 726 porcomortuo
513 662 602 712 miseri
618 663 659 712 hic
669 674 748 726 neque
760 662 845 722 servis,

152 749 241 801 Albuci
248 751 312 802 senis
322 752 445 815 exemplo,
457 752 516 800 dum
526 751 611 800 misnia
621 751 692 813 didit,

155 840 237 890 Saevus
248 840 310 902 crit3
328 855 416 902 noque,
424 840 487 889 sictut
498 840 602 902 simplex
615 841 723 900 Naevius,
733 848 832 890 uncam

154 931 267 982 Convivis
277 932 395 995 prebebit
405 945 506 992 aquam:
525 930 611 982 vitium
622 930 669 978 hoc
679 945 775 992 quoque
787 944 912 994 magnum.

152 1022 241 1084 Accipe
251 1035 327 1082 nunc,
338 1021 415 1070 victus
427 1020 507 1069 tenuis
517 1033 572 1081 quae
585 1025 721 1080 quantaque
731 1031 812 1068 secum

151 1110 251 1158 Aderat.
285 1110 313 1157 Iu
326 1108 412 1170 primis
423 1109 503 1156 valeas
514 1109 592 1156 bene:
610 1120 667 1154 uam
677 1106 751 1155 variae
766 1121 805 1155 res

151 1199 187 1247 Ut
197 1203 301 1246 noceant
310 1196 416 1254 homiui,
427 1195 522 1256 credas,
534 1209 628 1244 memor
639 1194 705 1243 illius
716 1209 788 1255 escae,

155 1287 216 1340 Quae
227 1284 331 1347 simplex
342 1284 403 1332 olim
414 1283 459 1332 tibi
470 1283 574 1332 sederit:
592 1290 618 1332 at
628 1282 701 1330 simul
714 1281 774 1330 assis

155 1373 284 1423 Miscuerit
295 1375 370 1434 elixa,
382 1374 455 1422 simul
466 1373 593 1437 conchylia
604 1371 682 1422 turdis
693 1390 701 1432 ;

156 1461 243 1512 Dulcia
253 1477 279 1511 se
289 1463 316 1510 in
326 1462 400 1511 bilem
412 1469 516 1522 vertent,
527 1461 700 1523 stomachoque
711 1459 845 1508 tumultum

157 1552 234 1600 louta
245 1552 307 1599 ieret
317 1550 411 1614 pituita.
441 1551 529 1611 Vides,
541 1545 569 1599 ut
580 1551 685 1614 pallidus
697 1553 777 1603 omnis

159 1639 236 1688 Coena
246 1639 359 1700 desurgat
369 1638 461 1687 dubia?
498 1639 563 1694 Quin
574 1655 662 1704 corpus
674 1650 791 1692 onustum

161 1726 287 1775 Hesteruis
298 1726 362 1775 vitiis
374 1727 483 1775 animum
494 1742 590 1789 quoque
600 1738 733 1791 praegravat
744 1745 804 1789 uua,

159 1815 239 1875 Atque
251 1813 342 1874 adfligit
351 1815 428 1863 humo
436 1813 522 1863 diviua
533 1815 677 1877 particulam
688 1830 762 1866 aurae.

159 1904 240 1962 Alter,
250 1902 293 1950 ubi
305 1902 369 1950 dicto
380 1902 451 1950 eitius
462 1910 546 1952 curata
557 1903 640 1966 sopori

159 1994 272 2042 Membra
283 1992 358 2052 dedit,
366 2000 463 2054 vegetus
474 1993 615 2056 praescripta
626 1995 657 2042 od
669 1995 754 2043 munia
765 1994 850 2056 surgit.

162 2082 208 2130 Hic
218 2089 300 2130 tamen
312 2081 342 2130 sd
354 2081 441 2130 meiius
453 2081 542 2145 poterit
551 2090 718 2132 transcurrere
728 2082 864 2145 quondam:

151 2169 218 2232 ‚Sive
228 2169 293 2218 diem
304 2170 394 2218 festum
405 2169 500 2218 rediens
512 2168 641 2218 adduxerit
651 2184 746 2233 anuus3

164 2257 212 2306 Seu
223 2255 332 2306 recreare
343 2258 408 2305 volet
419 2264 544 2305 tenuatim
560 2271 663 2320 corpus:
680 2256 770 2319 ubique

169 2347 290 2398 Accedent
301 2347 369 2407 anni,
381 2355 406 2396 et
413 2347 512 2396 tractari
524 2347 623 2396 mollius
634 2355 692 2396 aetas

166 2437 291 2486 imbecilla
301 2437 373 2485 volet.
406 2435 463 2484 Tibi
475 2435 590 2496 quidnam
601 2434 697 2484 accedet
707 2434 738 2483 ad
748 2433 830 2495 utem,

167 2527 246 2581 Quam
258 2540 317 2588 puer
328 2531 353 2574 et
363 2525 456 2574 validus
468 2525 605 2586 praesumis,
617 2523 761 2572 mollitiem:
779 2537 821 2573 seu

167 2616 234 2663 Dura
244 2613 356 2662 valetudo
368 2613 490 2674 inciderit,
502 2627 544 2661 seu
555 2613 625 2662 tarda
635 2615 765 2662 senectus?

168 2701 301 2753 Rancidum
313 2717 398 2764 aprum
409 2701 503 2762 antiqui
513 2702 654 2760 laudabant,
667 2715 716 2748 uon
727 2699 785 2762 quia
796 2714 870 2749 naeus

169 2789 222 2838 Illis
232 2789 316 2837 nullus
327 2797 389 2848 erat,
401 2789 454 2848 sed,
465 2789 548 2848 eredo,
559 2790 604 2837 hcc
615 2797 707 2848 mente,
719 2788 785 2850 quod
794 2789 881 2851 hospes

169 2876 274 2927 Tardius
284 2877 412 2925 adveniens
423 2877 534 2926 vitiatum
545 2877 707 2938 commodius,
719 2890 792 2938 quam

104 2991 108 2998 ·
170 2967 294 3026 Integrum
303 2965 364 3012 edax
375 2964 488 3014 dominus
499 2973 660 3015 consumeret.
694 2967 746 3014 Hos
756 2963 850 3013 utinam
861 2962 924 3012 inter

173 3055 266 3103 Heroas
278 3060 361 3101 natrun
374 3055 447 3102 tellus
459 3068 498 3103 me
509 3053 588 3117 prima
598 3053 711 3102 tulisset!

172 3143 222 3191 Das
233 3139 325 3204 aliquid
336 3141 419 3199 famae,
429 3155 483 3202 quae
493 3141 600 3189 carmine
610 3137 701 3200 gratior
712 3151 794 3188 aurem
