2400 3898
354 486 592 536 EPISTULARUM
609 487 672 534 ΗΒ.
685 487 705 534 Ι.
715 484 782 533 xviii.
915 482 966 532 eal
1054 491 1057 498 '

168 613 291 663 Conticuit
300 614 361 677 lyra.
394 613 517 664 Fraternis
528 613 629 662 cessisse
642 621 740 675 putatur

167 703 279 752 Moribus
289 702 426 764 Amphion:
444 711 472 751 tu
479 703 536 752 cede
547 703 653 766 potentis
664 702 736 752 amici

166 790 272 839 Lenibus
283 790 407 852 imperiis;
424 791 566 853 quotiesque
576 791 660 840 educet
671 791 697 840 in
709 803 779 850 agros

166 877 255 926 AEtolis
266 886 367 928 onerata
377 879 454 940 plagis
462 881 574 939 jumenta
584 893 713 940 canesque,

166 965 252 1026 Surge,
264 974 288 1016 et
299 965 438 1016 inhumanae
449 966 545 1014 senium
556 967 649 1028 depone
661 966 794 1026 Camoenae,

167 1053 256 1102 Coenes
266 1061 295 1100 ut
306 1054 396 1115 pariter
407 1055 532 1115 pulmenta
542 1054 665 1102 laboribus
677 1061 758 1114 emta3

166 1140 282 1189 Romanis
293 1142 395 1190 solenne
406 1141 464 1189 viris
475 1157 547 1204 opus,
558 1142 619 1189 utile
631 1142 701 1188 famae

163 1229 273 1292 Vitaeque
284 1239 309 1279 et
318 1232 450 1292 membris;
468 1231 603 1292 praesertim
614 1246 670 1282 cum
681 1233 772 1292 valeus,
784 1240 809 1280 et

164 1319 209 1366 Vel
221 1333 293 1368 cursu
305 1334 418 1382 superare
429 1333 514 1368 canem
525 1321 563 1367 vel
575 1320 666 1370 viribus
677 1334 763 1382 aprum

165 1406 260 1455 Possis:
278 1408 349 1467 adde,
359 1408 438 1456 virilia
450 1408 515 1469 quod
526 1409 657 1470 speciosius
669 1422 737 1458 arma

165 1497 222 1543 Non
233 1505 270 1544 est
281 1496 322 1558 qui
333 1505 433 1558 tractet3
451 1497 497 1546 scis
509 1512 557 1558 quo
568 1499 675 1546 clamore
686 1511 783 1546 coronae

165 1585 256 1633 Proelia
266 1585 384 1634 sustineas
395 1586 552 1647 campestria:
570 1586 673 1647 denique
684 1599 773 1634 saevam

164 1671 280 1720 Militiam
291 1688 351 1734 puer
363 1682 388 1722 et
400 1673 544 1722 Cantabrica
555 1674 619 1720 bella
630 1672 708 1721 tulisti

165 1759 216 1807 Sub
226 1760 296 1818 duce,
309 1762 349 1821 qui
360 1761 457 1822 templis
469 1761 615 1808 Parthorum
626 1761 695 1820 signa
705 1760 784 1820 refigit

165 1849 247 1907 Nune,
259 1849 315 1895 etsi
326 1849 384 1908 quid
395 1849 472 1907 abest,
486 1848 553 1896 Italis
564 1849 684 1908 adjudicat
694 1848 778 1896 armis.

163 1939 200 1985 Ac
211 1951 242 1984 ne
254 1943 278 1984 te
290 1937 398 1984 retrahas
410 1944 434 1986 et
444 1936 616 1984 inexcusabilis
628 1939 717 1996 abstes,

163 2025 280 2079 Quamvis
292 2025 328 2072 nil
339 2035 409 2074 extra
420 2039 548 2072 numerum
561 2025 645 2074 fecisse
658 2024 805 2085 modumque

164 2110 252 2170 Caras,
264 2109 386 2156 interdum
398 2109 495 2168 nugaris
507 2122 565 2156 rure
576 2115 690 2170 paterno:

138 2197 141 2202 '
163 2197 270 2246 Partitur
281 2197 368 2245 lintres
379 2196 516 2257 exercitus,
533 2195 604 2244 Aetia
614 2210 695 2257 pugna

162 2286 198 2332 Te
209 2284 270 2332 duce
281 2298 323 2346 per
334 2298 422 2345 pueros
433 2283 518 2330 hostili
529 2298 598 2331 more
609 2285 728 2343 refertur3

162 2372 321 2420 Adversarius
332 2380 369 2419 est
380 2372 471 2432 frater;
489 2373 565 2430 lacus,
577 2371 667 2432 Adria;
686 2372 762 2419 donec

162 2460 315 2508 Alterutrum
326 2460 398 2506 velox
409 2457 510 2506 victoria
521 2458 608 2506 fronde
619 2466 727 2506 coronet

165 2548 309 2596 Consentire
321 2547 371 2595 suis
383 2546 469 2594 studiis
482 2546 524 2608 qni
535 2546 663 2595 crediderit
674 2555 708 2608 te,

164 2635 253 2683 Fautor
265 2643 369 2698 utroque
380 2643 449 2684 tuum
458 2635 566 2684 laudabit
573 2637 661 2698 pollice
672 2637 765 2685 ludum.

163 2723 278 2771 Protinus
289 2731 317 2771 ut
328 2739 440 2772 moneam
456 2723 487 2787 (si
498 2724 556 2786 quid
567 2725 695 2774 monitoris
707 2737 760 2785 eges
772 2723 809 2784 tu)

165 2810 240 2869 Quid,
253 2811 283 2858 de
295 2825 388 2872 quoque
399 2812 463 2872 viro,
475 2819 500 2860 et
511 2812 551 2860 cui
562 2812 638 2872 dicas,
651 2826 713 2873 saepe
723 2811 812 2872 videto.

165 2900 364 2946 percontatorem
376 2899 465 2960 fugito:
484 2915 541 2949 nam
552 2901 663 2961 garrulus
675 2899 739 2947 idem
750 2907 803 2959 est3

165 2989 217 3036 Nee
228 2986 335 3034 retinent
345 2989 433 3049 patulae
444 2989 575 3038 commissa
585 2987 689 3036 fideliter
700 2999 787 3046 aures,

165 3076 197 3122 Et
208 3075 283 3124 semel
295 3073 411 3124 emissum
421 3075 487 3126 volat
497 3075 654 3126 irrevocabile
665 3074 772 3122 verbum.
