<?xml version="1.0" encoding="UTF-8"?>
<!DOCTYPE html PUBLIC "-//W3C//DTD XHTML 1.0 Transitional//EN"
    "http://www.w3.org/TR/xhtml1/DTD/xhtml1-transitional.dtd">
<html xmlns="http://www.w3.org/1999/xhtml" xml:lang="en" lang="en">
 <head>
  <title>
</title>
<meta http-equiv="Content-Type" content="text/html;charset=utf-8" />
  <meta name='ocr-system' content='tesseract 3.04.00' />
  <meta name='ocr-capabilities' content='ocr_page ocr_carea ocr_par ocr_line ocrx_word'/>
</head>
<body>
  <div class='ocr_page' id='page_1' title='image "./opera00gesngoog_0277.png"; bbox 0 0 2400 3898; ppageno 0'>
   <div class='ocr_carea' id='block_1_1' title="bbox 256 463 822 519">
    <p class='ocr_par' dir='ltr' id='par_1_1' title="bbox 256 463 822 519">
     <span class='ocr_line' id='line_1_1' title="bbox 256 463 822 519; baseline 0 -6"><span class='ocrx_word' id='word_1_1' title='bbox 256 465 305 514; x_wconf 79' lang='lat'>27⁰</span> <span class='ocrx_word' id='word_1_2' title='bbox 496 466 527 519; x_wconf 80' lang='lat' dir='ltr'>Q·</span> <span class='ocrx_word' id='word_1_3' title='bbox 545 463 685 514; x_wconf 67' lang='lat' dir='ltr'>stomun</span> <span class='ocrx_word' id='word_1_4' title='bbox 703 464 822 515; x_wconf 77' lang='lat' dir='ltr'>slaccl</span> 
     </span>
    </p>
   </div>
   <div class='ocr_carea' id='block_1_2' title="bbox 257 589 933 743">
    <p class='ocr_par' dir='ltr' id='par_1_2' title="bbox 257 589 933 743">
     <span class='ocr_line' id='line_1_2' title="bbox 257 589 896 652; baseline 0 -11"><span class='ocrx_word' id='word_1_5' title='bbox 257 593 331 641; x_wconf 74' lang='lat' dir='ltr'>Testa</span> <span class='ocrx_word' id='word_1_6' title='bbox 340 590 390 640; x_wconf 93' lang='lat' dir='ltr'>diu.</span> <span class='ocrx_word' id='word_1_7' title='bbox 424 590 496 646; x_wconf 82' lang='lat' dir='ltr'>Quod</span> <span class='ocrx_word' id='word_1_8' title='bbox 507 589 529 640; x_wconf 85' lang='lat' dir='ltr'>si</span> <span class='ocrx_word' id='word_1_9' title='bbox 538 605 629 652; x_wconf 81' lang='lat' dir='ltr'>cessas,</span> <span class='ocrx_word' id='word_1_10' title='bbox 641 598 683 641; x_wconf 84' lang='lat' dir='ltr'>aut</span> <span class='ocrx_word' id='word_1_11' title='bbox 693 598 807 640; x_wconf 73' lang='lat' dir='ltr'>sueuuus</span> <span class='ocrx_word' id='word_1_12' title='bbox 819 591 896 641; x_wconf 82' lang='lat' dir='ltr'>anteis</span> 
     </span>
     <span class='ocr_line' id='line_1_3' title="bbox 258 678 933 743; baseline 0.001 -15"><span class='ocrx_word' id='word_1_13' title='bbox 258 681 309 728; x_wconf 88' lang='lat' dir='ltr'>Nec</span> <span class='ocrx_word' id='word_1_14' title='bbox 320 679 416 730; x_wconf 82' lang='lat' dir='ltr'>tardum</span> <span class='ocrx_word' id='word_1_15' title='bbox 426 678 549 743; x_wconf 88' lang='lat' dir='ltr'>opperior,</span> <span class='ocrx_word' id='word_1_16' title='bbox 561 691 606 728; x_wconf 81' lang='lat' dir='ltr'>uec</span> <span class='ocrx_word' id='word_1_17' title='bbox 616 680 892 743; x_wconf 66' lang='lat' dir='ltr'>pmccdentibusinsto.</span> <span class='ocrx_word' id='word_1_18' title='bbox 929 707 933 716; x_wconf 90' lang='lat'><strong>·</strong></span> 
     </span>
    </p>
   </div>
   <div class='ocr_carea' id='block_1_3' title="bbox 546 908 771 958">
    <p class='ocr_par' dir='ltr' id='par_1_3' title="bbox 546 908 771 958">
     <span class='ocr_line' id='line_1_4' title="bbox 546 908 771 958; baseline -0.009 -1"><span class='ocrx_word' id='word_1_19' title='bbox 546 908 709 958; x_wconf 81' lang='lat' dir='ltr'>EPISTOLA</span> <span class='ocrx_word' id='word_1_20' title='bbox 726 909 771 956; x_wconf 92' lang='lat' dir='ltr'>lll.</span> 
     </span>
    </p>
   </div>
   <div class='ocr_carea' id='block_1_4' title="bbox 515 1039 799 1105">
    <p class='ocr_par' dir='ltr' id='par_1_4' title="bbox 515 1039 799 1105">
     <span class='ocr_line' id='line_1_5' title="bbox 515 1039 799 1105; baseline 0 -1"><span class='ocrx_word' id='word_1_21' title='bbox 515 1069 550 1104; x_wconf 77' lang='lat' dir='ltr'>Al&gt;</span> <span class='ocrx_word' id='word_1_22' title='bbox 567 1069 577 1104; x_wconf 85' lang='lat' dir='ltr'>J</span> <span class='ocrx_word' id='word_1_23' title='bbox 581 1039 664 1105; x_wconf 59' lang='lat' dir='ltr'>uuum</span> <span class='ocrx_word' id='word_1_24' title='bbox 683 1067 799 1104; x_wconf 72' lang='lat' dir='ltr'>nonum.</span> 
     </span>
    </p>
   </div>
   <div class='ocr_carea' id='block_1_5' title="bbox 254 1201 1042 3033">
    <p class='ocr_par' dir='ltr' id='par_1_5' title="bbox 256 1201 801 1264">
     <span class='ocr_line' id='line_1_6' title="bbox 256 1201 801 1264; baseline 0 -14"><span class='ocrx_word' id='word_1_25' title='bbox 256 1203 272 1250; x_wconf 84' lang='lat' dir='ltr'>J</span> <span class='ocrx_word' id='word_1_26' title='bbox 276 1215 317 1250; x_wconf 83' lang='lat' dir='ltr'>uur</span> <span class='ocrx_word' id='word_1_27' title='bbox 329 1202 411 1261; x_wconf 80' lang='lat' dir='ltr'>Flore,</span> <span class='ocrx_word' id='word_1_28' title='bbox 423 1201 510 1264; x_wconf 89' lang='lat' dir='ltr'>quibus</span> <span class='ocrx_word' id='word_1_29' title='bbox 520 1208 641 1250; x_wconf 83' lang='lat' dir='ltr'>terrarum</span> <span class='ocrx_word' id='word_1_30' title='bbox 652 1201 742 1251; x_wconf 84' lang='lat' dir='ltr'>militet</span> <span class='ocrx_word' id='word_1_31' title='bbox 751 1201 801 1250; x_wconf 89' lang='lat' dir='ltr'>oris</span> 
     </span>
    </p>

    <p class='ocr_par' dir='ltr' id='par_1_6' title="bbox 255 1289 928 1526">
     <span class='ocr_line' id='line_1_7' title="bbox 257 1289 809 1352; baseline -0.004 -12"><span class='ocrx_word' id='word_1_32' title='bbox 257 1289 372 1340; x_wconf 84' lang='lat' dir='ltr'>Claudius</span> <span class='ocrx_word' id='word_1_33' title='bbox 384 1289 486 1351; x_wconf 75' lang='lat' dir='ltr'><strong>Augusti</strong></span> <span class='ocrx_word' id='word_1_34' title='bbox 497 1289 630 1352; x_wconf 75' lang='lat' dir='ltr'>privignus,</span> <span class='ocrx_word' id='word_1_35' title='bbox 643 1289 704 1338; x_wconf 87' lang='lat' dir='ltr'>scire</span> <span class='ocrx_word' id='word_1_36' title='bbox 715 1291 809 1339; x_wconf 85' lang='lat' dir='ltr'>laboro.</span> 
     </span>
     <span class='ocr_line' id='line_1_8' title="bbox 255 1377 928 1456; baseline 0.001 -30"><span class='ocrx_word' id='word_1_37' title='bbox 255 1379 382 1427; x_wconf 77' lang='lat' dir='ltr'>Thracane</span> <span class='ocrx_word' id='word_1_38' title='bbox 392 1393 446 1439; x_wconf 84' lang='lat' dir='ltr'>vos,</span> <span class='ocrx_word' id='word_1_39' title='bbox 458 1379 602 1440; x_wconf 80' lang='lat' dir='ltr'>Hebrusque</span> <span class='ocrx_word' id='word_1_40' title='bbox 613 1378 687 1427; x_wconf 87' lang='lat' dir='ltr'>nivali</span> <span class='ocrx_word' id='word_1_41' title='bbox 698 1378 813 1456; x_wconf 86' lang='lat' dir='ltr'>compede</span> <span class='ocrx_word' id='word_1_42' title='bbox 823 1377 928 1439; x_wconf 86' lang='lat' dir='ltr'>vinctus,</span> 
     </span>
     <span class='ocr_line' id='line_1_9' title="bbox 255 1466 778 1526; baseline 0.002 -11"><span class='ocrx_word' id='word_1_43' title='bbox 255 1469 295 1516; x_wconf 90' lang='lat' dir='ltr'>An</span> <span class='ocrx_word' id='word_1_44' title='bbox 306 1468 369 1516; x_wconf 76' lang='lat' dir='ltr'>freta</span> <span class='ocrx_word' id='word_1_45' title='bbox 378 1466 468 1514; x_wconf 83' lang='lat' dir='ltr'>vicinus</span> <span class='ocrx_word' id='word_1_46' title='bbox 479 1467 543 1514; x_wconf 77' lang='lat' dir='ltr'>iuter</span> <span class='ocrx_word' id='word_1_47' title='bbox 554 1466 678 1516; x_wconf 88' lang='lat' dir='ltr'>currentia</span> <span class='ocrx_word' id='word_1_48' title='bbox 689 1473 778 1526; x_wconf 81' lang='lat' dir='ltr'>tturcs,</span> 
     </span>
    </p>

    <p class='ocr_par' dir='ltr' id='par_1_7' title="bbox 255 1552 1042 2146">
     <span class='ocr_line' id='line_1_10' title="bbox 255 1552 861 1616; baseline 0 -14"><span class='ocrx_word' id='word_1_49' title='bbox 255 1556 295 1602; x_wconf 82' lang='lat' dir='ltr'>An</span> <span class='ocrx_word' id='word_1_50' title='bbox 307 1553 406 1616; x_wconf 74' lang='lat' dir='ltr'>pingues</span> <span class='ocrx_word' id='word_1_51' title='bbox 417 1553 482 1602; x_wconf 79' lang='lat' dir='ltr'>Asiae</span> <span class='ocrx_word' id='word_1_52' title='bbox 493 1552 572 1615; x_wconf 85' lang='lat' dir='ltr'>campi</span> <span class='ocrx_word' id='word_1_53' title='bbox 583 1555 706 1616; x_wconf 88' lang='lat' dir='ltr'>collesque</span> <span class='ocrx_word' id='word_1_54' title='bbox 715 1556 861 1602; x_wconf 71' lang='lat' dir='ltr'>morantur?</span> 
     </span>
     <span class='ocr_line' id='line_1_11' title="bbox 256 1640 1042 1708; baseline 0.004 -19"><span class='ocrx_word' id='word_1_55' title='bbox 256 1641 321 1696; x_wconf 85' lang='lat' dir='ltr'><strong>Quid</strong></span> <span class='ocrx_word' id='word_1_56' title='bbox 331 1640 440 1691; x_wconf 74' lang='lat' dir='ltr'>studiosa</span> <span class='ocrx_word' id='word_1_57' title='bbox 448 1641 537 1690; x_wconf 86' lang='lat' dir='ltr'>cohors</span> <span class='ocrx_word' id='word_1_58' title='bbox 548 1655 650 1704; x_wconf 86' lang='lat' dir='ltr'>operum</span> <span class='ocrx_word' id='word_1_59' title='bbox 661 1642 752 1690; x_wconf 84' lang='lat' dir='ltr'>struit?</span> <span class='ocrx_word' id='word_1_60' title='bbox 788 1644 847 1708; x_wconf 84' lang='lat' dir='ltr'>llaec</span> <span class='ocrx_word' id='word_1_61' title='bbox 857 1657 952 1704; x_wconf 91' lang='lat' dir='ltr'>quoque</span> <span class='ocrx_word' id='word_1_62' title='bbox 962 1657 1023 1692; x_wconf 86' lang='lat' dir='ltr'>curo</span> <span class='ocrx_word' id='word_1_63' title='bbox 1034 1663 1042 1706; x_wconf 71' lang='grc' dir='ltr'>ς</span> 
     </span>
     <span class='ocr_line' id='line_1_12' title="bbox 257 1729 850 1792; baseline -0.002 -12"><span class='ocrx_word' id='word_1_64' title='bbox 257 1730 317 1785; x_wconf 77' lang='lat' dir='ltr'>Quis</span> <span class='ocrx_word' id='word_1_65' title='bbox 328 1729 375 1780; x_wconf 86' lang='lat' dir='ltr'>sibl</span> <span class='ocrx_word' id='word_1_66' title='bbox 385 1745 424 1780; x_wconf 88' lang='lat' dir='ltr'>res</span> <span class='ocrx_word' id='word_1_67' title='bbox 435 1738 514 1792; x_wconf 78' lang='lat' dir='ltr'>gestas</span> <span class='ocrx_word' id='word_1_68' title='bbox 524 1731 628 1792; x_wconf 78' lang='lat' dir='ltr'>Augusti</span> <span class='ocrx_word' id='word_1_69' title='bbox 639 1731 744 1780; x_wconf 87' lang='lat' dir='ltr'>scribere</span> <span class='ocrx_word' id='word_1_70' title='bbox 756 1730 850 1780; x_wconf 86' lang='lat' dir='ltr'>sumit?</span> 
     </span>
     <span class='ocr_line' id='line_1_13' title="bbox 256 1817 892 1883; baseline -0.003 -14"><span class='ocrx_word' id='word_1_71' title='bbox 256 1819 391 1881; x_wconf 72' lang='lat' dir='ltr'>numquis</span> <span class='ocrx_word' id='word_1_72' title='bbox 403 1826 428 1868; x_wconf 89' lang='lat' dir='ltr'>et</span> <span class='ocrx_word' id='word_1_73' title='bbox 438 1833 507 1883; x_wconf 80' lang='lat' dir='ltr'>paces</span> <span class='ocrx_word' id='word_1_74' title='bbox 519 1819 620 1880; x_wconf 82' lang='lat' dir='ltr'>longum</span> <span class='ocrx_word' id='word_1_75' title='bbox 633 1817 748 1868; x_wconf 83' lang='lat' dir='ltr'>ditiimdit</span> <span class='ocrx_word' id='word_1_76' title='bbox 758 1819 783 1867; x_wconf 94' lang='lat' dir='ltr'>in</span> <span class='ocrx_word' id='word_1_77' title='bbox 795 1821 892 1868; x_wconf 80' lang='lat' dir='ltr'>aevum?</span> 
     </span>
     <span class='ocr_line' id='line_1_14' title="bbox 256 1906 852 1969; baseline -0.007 -11"><span class='ocrx_word' id='word_1_78' title='bbox 256 1907 322 1963; x_wconf 84' lang='lat' dir='ltr'>Quid</span> <span class='ocrx_word' id='word_1_79' title='bbox 331 1907 422 1969; x_wconf 81' lang='lat' dir='ltr'>litias,</span> <span class='ocrx_word' id='word_1_80' title='bbox 434 1909 545 1966; x_wconf 76' lang='lat' dir='ltr'>Romana</span> <span class='ocrx_word' id='word_1_81' title='bbox 555 1906 622 1956; x_wconf 84' lang='lat' dir='ltr'>brevi</span> <span class='ocrx_word' id='word_1_82' title='bbox 633 1914 748 1955; x_wconf 74' lang='lat' dir='ltr'>venustus</span> <span class='ocrx_word' id='word_1_83' title='bbox 761 1907 786 1954; x_wconf 90' lang='lat' dir='ltr'>in</span> <span class='ocrx_word' id='word_1_84' title='bbox 799 1921 852 1968; x_wconf 88' lang='lat' dir='ltr'>ora,</span> 
     </span>
     <span class='ocr_line' id='line_1_15' title="bbox 256 1995 831 2059; baseline -0.003 -13"><span class='ocrx_word' id='word_1_85' title='bbox 256 1996 378 2046; x_wconf 70' lang='lat' dir='ltr'><strong>Pindarici</strong></span> <span class='ocrx_word' id='word_1_86' title='bbox 388 1996 463 2046; x_wconf 83' lang='lat' dir='ltr'>fontis</span> <span class='ocrx_word' id='word_1_87' title='bbox 475 1997 517 2059; x_wconf 89' lang='lat' dir='ltr'>qui</span> <span class='ocrx_word' id='word_1_88' title='bbox 528 2010 582 2044; x_wconf 53' lang='lat' dir='ltr'>non*</span> <span class='ocrx_word' id='word_1_89' title='bbox 589 1995 708 2058; x_wconf 75' lang='lat' dir='ltr'>expalluit</span> <span class='ocrx_word' id='word_1_90' title='bbox 719 1996 831 2056; x_wconf 84' lang='lat' dir='ltr'>haustus,</span> 
     </span>
     <span class='ocr_line' id='line_1_16' title="bbox 256 2081 872 2146; baseline -0.002 -13"><span class='ocrx_word' id='word_1_91' title='bbox 256 2085 374 2133; x_wconf 73' lang='lat' dir='ltr'>Fastidire</span> <span class='ocrx_word' id='word_1_92' title='bbox 382 2086 449 2134; x_wconf 87' lang='lat' dir='ltr'>lacus</span> <span class='ocrx_word' id='word_1_93' title='bbox 460 2091 485 2132; x_wconf 88' lang='lat' dir='ltr'>et</span> <span class='ocrx_word' id='word_1_94' title='bbox 493 2085 559 2133; x_wconf 84' lang='lat' dir='ltr'>rivos</span> <span class='ocrx_word' id='word_1_95' title='bbox 570 2098 643 2134; x_wconf 86' lang='lat' dir='ltr'>ausus</span> <span class='ocrx_word' id='word_1_96' title='bbox 654 2091 750 2146; x_wconf 86' lang='lat' dir='ltr'>apertos</span> <span class='ocrx_word' id='word_1_97' title='bbox 761 2086 770 2133; x_wconf 90' lang='lat'><strong>?</strong></span> <span class='ocrx_word' id='word_1_98' title='bbox 836 2081 842 2094; x_wconf 88' lang='lat'>’</span> <span class='ocrx_word' id='word_1_99' title='bbox 868 2122 872 2127; x_wconf 92' lang='lat'>.</span> 
     </span>
    </p>

    <p class='ocr_par' dir='ltr' id='par_1_8' title="bbox 255 2171 903 2325">
     <span class='ocr_line' id='line_1_17' title="bbox 256 2171 903 2224; baseline -0.002 -1"><span class='ocrx_word' id='word_1_100' title='bbox 256 2175 292 2224; x_wconf 82' lang='lat' dir='ltr'>Ut</span> <span class='ocrx_word' id='word_1_101' title='bbox 302 2174 384 2222; x_wconf 82' lang='lat' dir='ltr'>valet?</span> <span class='ocrx_word' id='word_1_102' title='bbox 403 2180 432 2222; x_wconf 92' lang='lat' dir='ltr'>ut</span> <span class='ocrx_word' id='word_1_103' title='bbox 443 2171 554 2221; x_wconf 83' lang='lat' dir='ltr'>meminit</span> <span class='ocrx_word' id='word_1_104' title='bbox 564 2171 661 2220; x_wconf 82' lang='lat' dir='ltr'>nostri?</span> <span class='ocrx_word' id='word_1_105' title='bbox 682 2172 801 2220; x_wconf 87' lang='lat' dir='ltr'>fidibusne</span> <span class='ocrx_word' id='word_1_106' title='bbox 812 2173 903 2222; x_wconf 81' lang='lat' dir='ltr'>Latinis</span> 
     </span>
     <span class='ocr_line' id='line_1_18' title="bbox 255 2260 876 2325; baseline -0.002 -15"><span class='ocrx_word' id='word_1_107' title='bbox 255 2260 384 2310; x_wconf 80' lang='lat' dir='ltr'>Thebanos</span> <span class='ocrx_word' id='word_1_108' title='bbox 395 2269 477 2325; x_wconf 82' lang='lat' dir='ltr'>aptare</span> <span class='ocrx_word' id='word_1_109' title='bbox 487 2260 573 2310; x_wconf 80' lang='lat' dir='ltr'>modos</span> <span class='ocrx_word' id='word_1_110' title='bbox 584 2260 675 2321; x_wconf 83' lang='lat' dir='ltr'>studet,</span> <span class='ocrx_word' id='word_1_111' title='bbox 682 2260 777 2324; x_wconf 86' lang='lat' dir='ltr'>auspice</span> <span class='ocrx_word' id='word_1_112' title='bbox 785 2263 876 2310; x_wconf 81' lang='lat' dir='ltr'>Musa?</span> 
     </span>
    </p>

    <p class='ocr_par' dir='ltr' id='par_1_9' title="bbox 254 2348 817 2412">
     <span class='ocr_line' id='line_1_19' title="bbox 254 2348 817 2412; baseline 0.004 -17"><span class='ocrx_word' id='word_1_113' title='bbox 254 2349 295 2395; x_wconf 89' lang='lat' dir='ltr'>An</span> <span class='ocrx_word' id='word_1_114' title='bbox 305 2348 396 2408; x_wconf 79' lang='lat' dir='ltr'>tragica</span> <span class='ocrx_word' id='word_1_115' title='bbox 405 2348 504 2398; x_wconf 83' lang='lat' dir='ltr'>desaevit</span> <span class='ocrx_word' id='word_1_116' title='bbox 514 2356 540 2397; x_wconf 86' lang='lat' dir='ltr'>et</span> <span class='ocrx_word' id='word_1_117' title='bbox 551 2350 697 2412; x_wconf 82' lang='lat' dir='ltr'>ampullatur</span> <span class='ocrx_word' id='word_1_118' title='bbox 708 2349 735 2397; x_wconf 89' lang='lat' dir='ltr'>in</span> <span class='ocrx_word' id='word_1_119' title='bbox 747 2351 817 2397; x_wconf 85' lang='lat' dir='ltr'>arte?</span> 
     </span>
    </p>

    <p class='ocr_par' dir='ltr' id='par_1_10' title="bbox 256 2435 1014 2588">
     <span class='ocr_line' id='line_1_20' title="bbox 256 2435 1014 2500; baseline 0.005 -17"><span class='ocrx_word' id='word_1_120' title='bbox 256 2435 321 2490; x_wconf 84' lang='lat' dir='ltr'>Quid</span> <span class='ocrx_word' id='word_1_121' title='bbox 331 2435 391 2484; x_wconf 91' lang='lat' dir='ltr'>mihi</span> <span class='ocrx_word' id='word_1_122' title='bbox 400 2437 488 2490; x_wconf 84' lang='lat' dir='ltr'>¹Celsus</span> <span class='ocrx_word' id='word_1_123' title='bbox 499 2437 566 2497; x_wconf 81' lang='lat' dir='ltr'>agit?</span> <span class='ocrx_word' id='word_1_124' title='bbox 586 2437 693 2486; x_wconf 86' lang='lat' dir='ltr'>monitus</span> <span class='ocrx_word' id='word_1_125' title='bbox 705 2438 856 2499; x_wconf 88' lang='lat' dir='ltr'>multumque</span> <span class='ocrx_word' id='word_1_126' title='bbox 867 2437 1014 2500; x_wconf 84' lang='lat' dir='ltr'>mouendus,</span> 
     </span>
     <span class='ocr_line' id='line_1_21' title="bbox 256 2524 800 2588; baseline 0 -14"><span class='ocrx_word' id='word_1_127' title='bbox 256 2524 363 2574; x_wconf 76' lang='lat' dir='ltr'>Privatus</span> <span class='ocrx_word' id='word_1_128' title='bbox 374 2531 403 2572; x_wconf 87' lang='lat' dir='ltr'>ut</span> <span class='ocrx_word' id='word_1_129' title='bbox 413 2532 505 2585; x_wconf 84' lang='lat' dir='ltr'>quaerat</span> <span class='ocrx_word' id='word_1_130' title='bbox 516 2538 584 2586; x_wconf 83' lang='lat' dir='ltr'>opes,</span> <span class='ocrx_word' id='word_1_131' title='bbox 596 2533 620 2573; x_wconf 92' lang='lat' dir='ltr'>et</span> <span class='ocrx_word' id='word_1_132' title='bbox 631 2532 730 2588; x_wconf 79' lang='lat' dir='ltr'>tangere</span> <span class='ocrx_word' id='word_1_133' title='bbox 740 2525 800 2574; x_wconf 82' lang='lat' dir='ltr'>vitet</span> 
     </span>
    </p>

    <p class='ocr_par' dir='ltr' id='par_1_11' title="bbox 254 2611 867 2677">
     <span class='ocr_line' id='line_1_22' title="bbox 254 2611 867 2677; baseline 0 -15"><span class='ocrx_word' id='word_1_134' title='bbox 254 2611 359 2676; x_wconf 77' lang='lat' dir='ltr'>Scripta,</span> <span class='ocrx_word' id='word_1_135' title='bbox 371 2612 494 2662; x_wconf 74' lang='lat' dir='ltr'>Palatims</span> <span class='ocrx_word' id='word_1_136' title='bbox 505 2627 652 2675; x_wconf 79' lang='lat' dir='ltr'>quecunque</span> <span class='ocrx_word' id='word_1_137' title='bbox 661 2613 751 2677; x_wconf 83' lang='lat' dir='ltr'>recepit</span> <span class='ocrx_word' id='word_1_138' title='bbox 761 2614 867 2677; x_wconf 84' lang='lat' dir='ltr'>Apollo;</span> 
     </span>
    </p>

    <p class='ocr_par' dir='ltr' id='par_1_12' title="bbox 255 2701 793 2766">
     <span class='ocr_line' id='line_1_23' title="bbox 255 2701 793 2766; baseline -0.006 -14"><span class='ocrx_word' id='word_1_139' title='bbox 255 2705 303 2764; x_wconf 90' lang='lat' dir='ltr'>Ne,</span> <span class='ocrx_word' id='word_1_140' title='bbox 315 2702 336 2750; x_wconf 87' lang='lat' dir='ltr'>si</span> <span class='ocrx_word' id='word_1_141' title='bbox 347 2703 411 2752; x_wconf 85' lang='lat' dir='ltr'>forte</span> <span class='ocrx_word' id='word_1_142' title='bbox 421 2717 477 2751; x_wconf 85' lang='lat' dir='ltr'>suas</span> <span class='ocrx_word' id='word_1_143' title='bbox 488 2701 617 2766; x_wconf 87' lang='lat' dir='ltr'>repetitum</span> <span class='ocrx_word' id='word_1_144' title='bbox 629 2702 722 2751; x_wconf 88' lang='lat' dir='ltr'>venerit</span> <span class='ocrx_word' id='word_1_145' title='bbox 733 2702 793 2750; x_wconf 92' lang='lat' dir='ltr'>olim</span> 
     </span>
    </p>

    <p class='ocr_par' dir='ltr' id='par_1_13' title="bbox 254 2789 859 2944">
     <span class='ocr_line' id='line_1_24' title="bbox 255 2789 859 2855; baseline -0.005 -15"><span class='ocrx_word' id='word_1_146' title='bbox 255 2793 322 2840; x_wconf 85' lang='lat' dir='ltr'>Grex</span> <span class='ocrx_word' id='word_1_147' title='bbox 333 2791 413 2840; x_wconf 86' lang='lat' dir='ltr'>avium</span> <span class='ocrx_word' id='word_1_148' title='bbox 425 2793 531 2855; x_wconf 87' lang='lat' dir='ltr'>plumas,</span> <span class='ocrx_word' id='word_1_149' title='bbox 542 2798 638 2840; x_wconf 84' lang='lat' dir='ltr'>moveat</span> <span class='ocrx_word' id='word_1_150' title='bbox 647 2790 772 2852; x_wconf 85' lang='lat' dir='ltr'>cornicula</span> <span class='ocrx_word' id='word_1_151' title='bbox 783 2789 859 2840; x_wconf 85' lang='lat' dir='ltr'>risum</span> 
     </span>
     <span class='ocr_line' id='line_1_25' title="bbox 254 2878 858 2944; baseline -0.007 -14"><span class='ocrx_word' id='word_1_152' title='bbox 254 2880 358 2939; x_wconf 81' lang='lat' dir='ltr'>Furtivis</span> <span class='ocrx_word' id='word_1_153' title='bbox 368 2881 458 2932; x_wconf 84' lang='lat' dir='ltr'>nudata</span> <span class='ocrx_word' id='word_1_154' title='bbox 468 2879 599 2934; x_wconf 89' lang='lat' dir='ltr'>coloribus.</span> <span class='ocrx_word' id='word_1_155' title='bbox 633 2880 686 2944; x_wconf 90' lang='lat' dir='ltr'>lpse</span> <span class='ocrx_word' id='word_1_156' title='bbox 697 2878 755 2939; x_wconf 90' lang='lat' dir='ltr'>quid</span> <span class='ocrx_word' id='word_1_157' title='bbox 766 2878 858 2928; x_wconf 87' lang='lat' dir='ltr'>audes?</span> 
     </span>
    </p>

    <p class='ocr_par' dir='ltr' id='par_1_14' title="bbox 255 2969 934 3033">
     <span class='ocr_line' id='line_1_26' title="bbox 255 2969 934 3033; baseline -0.01 -9"><span class='ocrx_word' id='word_1_158' title='bbox 255 2971 315 3024; x_wconf 76' lang='lat' dir='ltr'>Quae</span> <span class='ocrx_word' id='word_1_159' title='bbox 326 2970 504 3022; x_wconf 84' lang='lat' dir='ltr'>circumvolitas</span> <span class='ocrx_word' id='word_1_160' title='bbox 515 2969 583 3032; x_wconf 78' lang='lat' dir='ltr'>agilis</span> <span class='ocrx_word' id='word_1_161' title='bbox 594 2970 697 3032; x_wconf 79' lang='lat' dir='ltr'>thyma?</span> <span class='ocrx_word' id='word_1_162' title='bbox 716 2984 767 3019; x_wconf 86' lang='lat' dir='ltr'>uon</span> <span class='ocrx_word' id='word_1_163' title='bbox 778 2969 823 3020; x_wconf 90' lang='lat' dir='ltr'>tibi</span> <span class='ocrx_word' id='word_1_164' title='bbox 833 2983 934 3033; x_wconf 80' lang='lat' dir='ltr'>parvum</span> 
     </span>
    </p>
   </div>
   <div class='ocr_carea' id='block_1_6' title="bbox 0 0 1204 3898">
    <p class='ocr_par' dir='ltr' id='par_1_15' title="bbox 0 0 1204 3898">
     <span class='ocr_line' id='line_1_27' title="bbox 0 0 1204 3898; baseline 0 0"><span class='ocrx_word' id='word_1_165' title='bbox 0 0 1204 3898; x_wconf 95' lang='lat' dir='ltr'> </span> 
     </span>
    </p>
   </div>
  </div>
 </body>
</html>
