2432 3874
386 560 579 618 sauuouuu
599 561 662 610 um.
679 561 712 610 ιι.
729 547 754 607 rt.
921 553 968 606 sar

169 689 190 746 1
197 687 293 747 Dieam,
305 686 326 736 si
336 694 430 750 potero.
462 689 530 737 Mala
540 703 625 738 verum
636 686 760 737 examinat
770 683 851 736 omnis

170 776 307 838 Corruptus
315 776 399 836 jndex.
433 777 551 839 Leporem
562 784 676 837 sectatus,
688 789 779 838 equore

169 865 258 913 meus
270 865 301 913 ab
311 863 443 925 indomito,
455 867 493 913 vel
510 865 542 928 (ai
553 866 664 913 Romana
674 864 757 925 fatigat

171 951 263 1002 Militia
274 959 398 1002 assuetum
409 951 518 1014 graeosri)
534 966 577 1000 seu
588 952 638 1014 pila
648 953 731 1011 velox,

170 1041 282 1091 Molliter
293 1049 419 1090 austerum
430 1040 510 1090 studio
522 1041 623 1088 fallente
633 1041 752 1098 laborem,

172 1131 221 1179 Seu
234 1138 258 1178 te
269 1130 350 1178 discus
362 1130 411 1191 agit
426 1131 490 1193 (pete
501 1129 626 1178 cedentem
638 1127 697 1176 adra
706 1126 782 1188 diseo)

174 1219 238 1268 Cum
249 1218 319 1266 labor
330 1217 452 1266 extuderit
463 1217 570 1276 fastidia,
582 1217 670 1277 sinens,
682 1215 762 1264 manis

172 1307 265 1368 Sperne
276 1305 357 1354 cibum
370 1304 460 1366 vilem;
479 1304 527 1354 uisi
540 1303 664 1367 Hymettia
674 1305 748 1352 mella
758 1304 862 1352 Falerno

176 1397 214 1444 Ne
224 1393 314 1444 biberis
326 1394 410 1442 diluta.
444 1393 513 1442 Foris
524 1402 561 1442 est
571 1407 682 1457 promus,
693 1401 718 1442 et
728 1400 809 1442 atrum

174 1481 312 1532 Defendens
322 1483 399 1545 pisces
411 1482 503 1531 hiemat
513 1496 580 1531 mare
589 1503 597 1544 ;
614 1497 670 1531 cum
680 1484 731 1531 sale
742 1482 812 1545 panis

175 1575 315 1623 Latrantem
326 1575 478 1624 stomachum
488 1575 550 1622 bene
560 1573 643 1624 leniet.
677 1575 750 1623 Unde
760 1575 849 1636 putas?
869 1580 911 1622 aut

176 1662 225 1717 Qui
235 1671 331 1726 partum
342 1666 352 1711 ἓ
388 1665 445 1712 Non
457 1663 482 1712 in
493 1678 550 1712 earo
562 1663 648 1712 nidore
658 1665 768 1725 voluptas

175 1751 287 1810 Summa,
298 1750 340 1798 sed
351 1750 377 1798 in
389 1757 413 1798 te
424 1750 478 1812 ipso
489 1759 533 1799 est.
566 1753 606 1798 Tu
616 1749 778 1813 pulmentaria
788 1764 868 1811 quare

176 1837 305 1886 Sudando:
323 1837 436 1899 pinguem
447 1837 522 1897 vitiis,
533 1839 673 1899 albumque,
683 1853 761 1899 neque
772 1846 863 1897 ostrea,

176 1927 228 1974 Nee
239 1938 332 1986 scarus,
344 1932 386 1973 aut
397 1925 486 1987 poterit
497 1925 622 1987 peregrina
630 1928 714 1986 juvare
725 1927 808 1986 lagois.

176 2013 225 2061 Vix
236 2020 317 2060 tamen
330 2012 441 2074 eripiam,
452 2011 531 2075 posito
542 2026 645 2074 pavone,
654 2013 712 2062 velis
725 2014 783 2074 quin

178 2101 232 2150 Hoc
243 2100 334 2163 potius,
347 2114 419 2162 qnam
430 2099 529 2160 gallina,
541 2107 634 2160 tergere
644 2100 762 2162 palatum,

177 2192 313 2252 Corruptus
326 2189 393 2239 vanis
404 2204 501 2250 rerum3
521 2189 577 2252 quia
588 2197 672 2238 veneat
683 2203 742 2239 auro

177 2281 241 2326 Rara
252 2277 312 2338 avis,
324 2286 349 2326 et
360 2277 424 2340 picta
435 2278 523 2340 pandat
533 2279 669 2340 spectanda
679 2279 768 2327 sanda:

176 2369 303 2428 Tanquam
314 2365 345 2414 ad
356 2379 407 2415 rem
419 2366 520 2415 attineat
530 2352 665 2430 quiequam.
699 2369 766 2415 Num
777 2366 879 2414 veseeris
890 2365 946 2425 ista,

178 2458 256 2510 Quam
267 2455 363 2516 laudas,
374 2457 477 2518 pluma?
496 2463 564 2504 coeto
576 2471 635 2505 num
648 2455 715 2506 adest
726 2457 806 2505 honor
817 2455 900 2504 idem?

179 2546 258 2593 Carne
269 2551 351 2593 tamen
362 2544 470 2606 quamvis
481 2544 555 2594 distat
565 2545 628 2594 nihil
638 2546 683 2594 hae
694 2546 768 2608 magis
780 2546 848 2606 illa‚.

179 2631 312 2694 Inparibus
324 2632 410 2682 formis
423 2633 548 2696 deceptum
559 2641 583 2682 te
594 2641 667 2697 patet.
700 2635 774 2684 Esto:

181 2720 252 2768 llude
263 2720 346 2769 datum
358 2721 444 2781 sentis,
455 2723 527 2784 lupus
537 2721 577 2770 hic
584 2722 725 2781 liberium,
736 2737 767 2771 an
778 2724 828 2771 alto

183 2811 272 2872 Captus
283 2810 344 2870 hiet,
355 2819 472 2874 pontearre
483 2811 546 2861 inter
554 2815 669 2873 jactatus,
680 2827 711 2860 an
723 2813 802 2860 amnis

182 2897 253 2948 Ostia
263 2899 307 2946 sub
318 2899 411 2948 'llrseil
430 2901 533 2963 Laudas,
545 2902 640 2962 insane,
652 2901 771 2951 trilibrem

181 2987 299 3044 Mullum,
311 2985 336 3033 in
346 2986 440 3049 singula
449 3003 521 3051 quem
531 2990 625 3039 minuas
636 2990 762 3052 pulmenta
772 3003 868 3040 necesse
878 2998 921 3040 est.

180 3073 253 3122 Ducit
263 3081 287 3122 te
298 3073 398 3138 species,
408 3076 477 3125 video
487 3097 493 3124 :
511 3092 559 3139 quo
570 3077 675 3140 pertinet
685 3091 742 3137 ergo

180 3165 297 3213 Proceros
308 3163 387 3213 odisae
396 3165 483 3226 lupos?
503 3166 559 3226 quia
572 3166 662 3216 scilieet
673 3166 722 3214 illis
