2432 3874
273 548 321 598 itt
513 546 543 598 Q.
563 543 703 593 llOliA'l'll
721 543 839 596 lieccr

275 671 360 729 Quinti
371 670 497 735 progenies
508 669 578 732 Arri,
590 683 634 734 per
645 670 728 720 nobile
739 671 853 732 flatrum,

273 761 387 824 Nequitia
396 770 422 810 et
432 759 513 822 uuqis,
524 773 654 822 pravorum
666 769 691 810 et
702 773 786 810 amore
794 761 934 823 gemellum

273 847 397 899 Lusoiuiss
409 847 475 897 soliti
486 848 596 912 impenso
607 849 727 911 prendere
740 848 863 899 eodmtes:

272 940 396 994 Quorsum
407 939 512 989 abeant?
531 938 584 987 sani
596 945 708 998 uterete,
720 953 751 987 eu
763 941 868 990 carbone
876 940 998 990 notandi?
1055 923 1064 936 ⁸

272 1023 402 1078 AEdilica're
412 1041 490 1086 essue,
501 1028 616 1089 plostello
628 1026 759 1087 adjungere
772 1040 864 1087 mures,

272 1117 367 1167 Ludere
376 1132 419 1180 par
430 1117 520 1179 imper,
531 1117 639 1178 equitare
651 1116 677 1163 in
689 1115 809 1164 arundine
819 1115 902 1177 louge,

273 1204 300 1255 Si
311 1220 383 1269 qoem
395 1206 497 1254 delectet
506 1206 644 1264 barbatum,
655 1204 762 1252 amende
772 1210 860 1252 verset.

273 1295 300 1344 si
310 1295 427 1358 puerilius
437 1295 486 1354 luis,
499 1293 561 1342 ratio
571 1307 625 1341 esse
635 1292 740 1351 evincet,
752 1305 849 1353 emere3

273 1383 324 1430 Nec
335 1381 465 1442 quidquam
477 1380 584 1439 differre,
595 1388 712 1428 utrumne
723 1380 749 1427 in
760 1379 868 1442 pulvere,
879 1379 967 1429 trimus

273 1467 515 1530 Qualeprius,1u‹lm
527 1482 598 1530 opus,
610 1482 641 1516 en
654 1467 787 1517 meretricis
799 1481 881 1516 amore

273 1555 387 1605 Solicitus
398 1557 494 1617 ploress
512 1570 605 1617 quero,
617 1555 722 1603 luciesue
733 1556 800 1616 quod
810 1556 870 1605 olim

274 1647 383 1694 Mutatus
395 1645 513 1694 Polemon
526 1647 536 1692 ἓ
554 1659 631 1707 ponas
643 1645 749 1706 insignio
760 1645 850 1707 morbi,

274 1733 405 1793 Fuscioles,
416 1733 517 1794 cubitel,
529 1733 627 1792 locella,
639 1741 711 1797 potus
721 1741 750 1782 ut
760 1734 803 1782 ille

273 1820 368 1870 Dicitur
378 1837 410 1870 ex
421 1823 486 1870 collo
498 1822 583 1870 furtim
594 1823 712 1884 carpsisse
722 1837 836 1881 corones,

272 1911 404 1973 Postquam
414 1917 452 1960 est
462 1895 579 1974 impreusi
590 1917 715 1973 correptus
727 1925 784 1960 voce
795 1905 922 1972 megistri?

273 1999 380 2060 Porrigis
392 1999 455 2047 ireto
466 2013 541 2061 puero
552 2013 608 2048 cum
619 2013 702 2062 poma,
717 2006 825 2048 recusat:

273 2087 357 2147 Sume,
370 2088 479 2148 (intelle,
496 2096 581 2148 neget:
599 2088 620 2136 si
632 2102 681 2136 non
694 2087 746 2147 des,
754 2095 830 2150 optet.
861 2089 964 2136 Amator

272 2175 392 2224 Exclusos
403 2173 445 2236 qui
456 2174 539 2235 distet,
551 2175 600 2237 egit
611 2175 652 2223 ubi
664 2189 756 2235 secum,
768 2183 816 2235 eet,
829 2189 860 2224 eu
872 2189 933 2235 uon,

273 2264 328 2318 Quo
339 2263 460 2312 rediturus
471 2271 524 2314 erat
534 2277 585 2313 nou
597 2264 736 2324 arcessiitu,
747 2272 772 2312 et
783 2264 859 2312 haeret

272 2349 358 2398 invisis
369 2351 481 2400 foribus?
501 2354 539 2400 Ne
550 2367 625 2412 nunc,
637 2367 693 2401 cum
706 2368 745 2401 me
756 2360 825 2400 vocet
840 2351 914 2410 ultro,

271 2435 408 2483 Accedam?
427 2449 458 2483 an
470 2439 550 2498 potius
562 2440 664 2487 mediter
676 2442 748 2488 finire
759 2441 875 2488 dolores?

271 2523 391 2580 Exclusit,
404 2531 513 2572 revocet:
531 2525 646 2572 redeam?
666 2541 727 2586 nou,
740 2527 760 2573 si
773 2528 890 2576 obsecret.
922 2527 984 2576 Eooe

271 2610 516 2673 servus,n0npau10
528 2611 675 2673 sepienti0r3
694 2613 797 2673 Ohere,
810 2627 863 2674 quae
875 2631 914 2666 res

272 2703 323 2750 Nec
334 2701 434 2749 modum
445 2700 517 2748 hebet
528 2713 606 2761 neque
616 2701 756 2762 consilium,
769 2703 863 2753 ratione
875 2706 995 2767 modoque

269 2790 379 2840 'l'recturi
390 2804 439 2838 non
451 2789 510 2838 vult.
545 2788 573 2836 ln
585 2802 667 2837 amore
678 2790 730 2838 haec
741 2800 799 2840 sunt
809 2793 892 2854 mola3
910 2794 1011 2852 bellum,

271 2884 322 2929 Pax
333 2894 448 2942 nuruumq
465 2879 517 2928 hseo
528 2877 549 2926 si
560 2877 614 2939 quis
626 2880 774 2940 tempestatis
786 2895 861 2944 prope
872 2882 921 2930 rito

270 2968 382 3028 Mobilie,
393 2978 419 3017 et
429 2982 492 3017 caecs
501 2966 621 3016 fluitantia
630 2975 706 3027 sorte,
718 2968 813 3018 laboret

271 3055 378 3104 Reddere
388 3063 454 3105 certa
464 3055 521 3116 sibi,
533 3055 610 3105 nihilo
622 3056 677 3118 plus
688 3056 802 3118 explicet,
815 3071 842 3106 ec
854 3057 874 3106 si

271 3143 380 3192 insanire
392 3153 461 3205 peret
471 3152 538 3194 cetto
548 3145 641 3194 ratione
653 3144 781 3208 modoque.
