2438 3860
235 485 281 531 152

466 487 496 539 Q·
515 485 654 568 uenerit
673 485 790 534 FuAccr

329 613 417 672 Reges,
428 620 498 660 tuum
508 612 592 660 labere
603 610 662 673 quid
670 613 753 672 juvem
765 625 830 671 meo,

361 699 468 747 imbellis
479 713 506 746 sc
518 699 603 747 firmus
614 701 721 761 purum?
839 687 843 692 ’

329 789 416 836 Comes
428 787 522 835 minere
533 801 588 835 snm
600 788 697 836 futurus
709 787 733 834 in
747 795 824 848 metu,

362 875 411 928 Qui
422 877 501 935 maior
514 877 624 924 absentes
635 875 715 924 hebet.
884 859 885 864 ¹

331 965 366 1013 Ut
377 964 485 1014 assidens
497 963 653 1028 implumibus
664 964 738 1027 pullis
751 965 801 1013 avis

361 1052 514 1114 Serpentium
526 1054 632 1116 allapsus
644 1053 724 1113 timet,

328 1139 406 1202 Magis
418 1141 527 1203 'relictis3
545 1155 606 1203 nen,
618 1149 647 1194 ut
657 1140 729 1201 adsit,
741 1141 819 1190 auxili

362 1230 452 1278 Laturn
463 1231 517 1293 plus
528 1230 696 1292 presentibus.

330 1318 443 1367 Libenter
455 1320 502 1367 hoe
513 1327 538 1367 et
549 1333 622 1368 omne
633 1320 777 1370 militabitur

362 1408 459 1456 Bellum
471 1407 496 1455 in
507 1415 556 1456 tuoe
568 1421 635 1469 spem
647 1409 746 1469 gratim

330 1496 386 1543 Non
399 1501 427 1542 ut
435 1494 543 1554 juvencis
556 1495 648 1555 illigata
659 1495 769 1557 pluribus

363 1582 452 1628 Aratra
462 1577 571 1629 nitentur
582 1581 653 1642 meis,

330 1669 434 1717 Pecusve
447 1667 555 1717 Celebris
567 1676 623 1716 ante
634 1667 700 1717 sidus
712 1667 831 1717 fervidum

362 1756 459 1803 Lucana
470 1763 547 1804 mutet
558 1769 656 1818 puseus,

330 1843 381 1890 Nee
393 1850 420 1891 ut
431 1842 529 1905 superni
542 1839 601 1892 villa
612 1843 717 1893 candens
727 1844 828 1893 'tusculi

363 1930 456 1980 Ciroea
466 1939 550 1993 tangat
561 1932 667 1982 moenisr

330 2021 394 2070 Satis
406 2035 525 2084 superque
537 2036 576 2071 me
586 2021 721 2084 benignitas
732 2030 774 2072 tna
790 2070 793 2076 .

362 2109 467 2159 Ditsvit:
484 2110 550 2160 haud
560 2124 686 2176 parspere,

330 2198 402 2252 Quod
413 2206 465 2259 aut,
477 2212 563 2248 avenrs
574 2207 604 2248 ut
614 2200 741 2260 Chremes,
754 2208 819 2252 terra
829 2213 948 2263 premam,

361 2286 497 2335 Discinetus
510 2294 552 2336 sut
563 2287 662 2350 perdum
674 2295 701 2336 nt
712 2301 795 2351 nepos.

569 2595 635 2642 ODE
658 2597 689 2642 11.

326 2794 428 2842 Bessus
441 2792 493 2854 ille,
505 2793 546 2855 qui
557 2795 642 2856 procul
654 2794 767 2856 negotiis,

360 2883 396 2930 Ut
406 2880 486 2944 prisca
496 2895 555 2943 gens
566 2882 718 2946 montelium,

257 2954 259 2956 ’
327 2969 432 3018 Paterna
443 2983 500 3018 rura
511 2970 589 3020 bubus
601 2979 698 3024 exercet
709 2973 771 3036 suis,

359 3057 457 3106 Solutus
469 3057 537 3108 omni
548 3060 657 3123 inenore;
