2432 3874
384 467 577 516 SERMONUM
595 468 657 516 LlB.
675 469 695 516 1.
711 467 728 516 i.
909 468 953 516 187

157 592 295 642 Ummidius
305 591 403 655 quidam
419 593 480 657 (non
491 595 565 655 longa
575 602 612 643 est
623 591 713 654 fabula)
729 593 794 643 dives

156 674 192 730 Ut
202 682 328 731 metiretur
337 696 451 731 nummos
463 703 470 744 ;
488 683 523 731 ita
534 682 656 742 sordidus,
666 689 694 730 ut
704 695 730 730 se

156 771 213 817 Non
223 783 331 830 nuquam
342 783 411 818 servo
422 769 510 818 melius
520 770 619 822 vestiret
628 789 637 832 3
655 769 685 818 ad
695 784 771 834 usque
829 763 832 766 ’
860 795 863 799 ·

155 857 301 918 Supremam
312 864 419 919 tempus,
430 871 461 905 ne
473 871 499 906 se
510 857 612 920 penuria
620 858 697 907 victus

156 944 320 1006 Opprimeret,
332 945 461 1000 metuebat.
493 945 528 992 At
537 945 602 992 huuc
612 943 700 992 liberte
710 945 788 993 securi

156 1032 243 1081 Divisit
253 1033 371 1092 medium,
383 1032 517 1080 fortissima
526 1030 728 1094 Tyndaridarum.
764 1025 766 1031 ’

156 1121 241 1182 llQuid
252 1121 286 1169 mi
297 1121 369 1182 igitur
381 1121 483 1169 suades?
502 1127 531 1168 nt
543 1119 621 1167 vivam
633 1119 751 1167 Navius?
770 1128 813 1168 aut
824 1121 858 1169 sic

156 1211 192 1260 Ut
203 1210 388 1258 Nomentanus?
420 1210 438 1267 ti
446 1207 528 1267 Pergis
538 1207 670 1268 pugnantia
681 1221 762 1256 secum

155 1299 286 1347 Frontibus
297 1297 403 1345 adversis
413 1299 577 1358 componere?
597 1311 647 1344 nou
658 1298 712 1357 ego,
727 1310 825 1344 avarum

156 1391 219 1439 cum
229 1395 284 1437 veto
295 1395 319 1436 te
330 1386 393 1446 fieri,
404 1400 504 1450 vappam
513 1388 587 1447 jubeo
597 1401 625 1434 ac
637 1387 792 1435 nebulonem.

154 1479 199 1526 Est
210 1478 274 1526 inter
284 1477 387 1525 Tanaim
396 1476 508 1538 quiddam
520 1490 678 1536 socerumque
687 1475 782 1524 Viselli.

96 1596 98 1600 -
155 1567 200 1615 Est
210 1565 297 1614 modus
308 1565 333 1614 in
345 1565 417 1614 rebus
428 1584 435 1627 3
453 1573 511 1613 sunt
520 1565 580 1614 certi
591 1563 693 1626 denique
704 1564 775 1624 fines,

140 1657 146 1663 “
155 1655 223 1707 Quos
233 1655 299 1702 ultra
309 1655 417 1716 citraque
427 1655 511 1717 nequit
520 1655 653 1722 consistere
665 1662 765 1703 rectum

97 1723 100 1728 .
155 1742 226 1802 Illuc,
237 1733 301 1790 unde
312 1742 371 1802 abii,
383 1743 472 1804 rede03
489 1729 588 1791 nemon’
601 1749 629 1789 ut
640 1755 726 1789 avarus

154 1829 186 1878 Se
197 1830 300 1892 probet?
320 1836 345 1878 at
354 1829 434 1892 potius
445 1829 529 1877 laudet
539 1829 633 1876 diversa
644 1834 769 1889 sequentes
780 1830 790 1875 i

155 1917 273 1978 Quodque
284 1917 363 1965 aliena
372 1917 541 1980 capella'gerat
552 1915 680 1964 distentius
690 1916 760 1974 uber,
842 1940 844 1950 ι

152 2005 288 2052 Tabescat?
308 2016 386 2064 neque
397 2017 423 2051 se
434 2003 521 2063 majori
531 2002 703 2065 pauperiorum

152 2091 243 2138 'lirrbae
253 2092 394 2151 comparet?
413 2090 478 2136 bunc
484 2096 560 2148 atque
571 2088 636 2134 hunc
646 2099 759 2148 superare
770 2087 864 2136 laboret
873 2088 892 2134 ?'

153 2177 194 2227 Sic
205 2175 330 2226 ieiunanti
342 2190 436 2242 semper
447 2175 591 2237 locupletior
602 2175 695 2221 obstat:

154 2267 190 2316 Ut
200 2279 256 2313 cum
266 2263 401 2312 carceribus
413 2263 501 2311 missos
512 2261 574 2324 rapit
584 2262 676 2322 ungula
686 2275 782 2322 curms,

154 2355 232 2402 lnstat
242 2351 309 2413 equis
320 2350 403 2411 auriga
413 2364 470 2398 suos
480 2350 641 2410 vincentibus,
654 2349 725 2398 illum

154 2439 308 2488 Praeteritum
318 2446 430 2486 temnens
438 2446 563 2487 extremos
574 2439 638 2486 inter
649 2445 755 2486 euntem.

155 2527 213 2575 Inde
224 2527 262 2587 lit,
273 2535 301 2576 ut
311 2541 378 2587 raro,
390 2525 432 2589 qui
443 2527 570 2575 sasixisse
583 2529 682 2576 mamm

153 2615 233 2676 Dicat,
244 2622 269 2664 et
279 2623 363 2664 exacto
374 2623 503 2664 contentus
514 2623 624 2678 tempore
634 2612 689 2664 vitas

155 2701 240 2762 Cedat,
250 2702 287 2751 uti
297 2703 398 2752 oondva
410 2711 487 2763 satur,
499 2703 604 2766 reperire
614 2716 737 2764 queamus.

154 2791 212 2847 dam
224 2789 281 2838 satis
292 2799 347 2853 est3
365 2806 396 2840 ne
407 2805 446 2840 me
458 2791 565 2854 Crispini
575 2791 664 2841 scrinia
673 2791 742 2853 lippi'

156 2877 307 2940 Compilasse
317 2888 396 2942 putes,
407 2881 508 2929 verbum
517 2895 568 2929 non
580 2879 682 2942 amplius
693 2879 786 2927 addam.
