2432 3874
389 499 580 551 SERMONUM
597 503 659 551 LIB.
677 505 696 550 l.
710 502 744 550 iv.
918 505 963 553 199

169 629 205 678 Ut
216 627 301 688 mavis,
312 628 414 676 imitare.
447 630 536 676 Beatus
549 627 667 687 Fannius,
677 629 744 677 ultro

170 713 260 763 Delatm
271 714 348 776 capsis
359 723 384 764 et
394 715 515 776 imagine3
532 729 587 762 eum
599 729 654 764 mea
662 729 734 763 nemo

170 801 264 862 Scripta
273 803 346 862 legat,
353 803 424 862 vulgo
435 801 536 850 recitare
546 801 666 861 timentis,
677 803 709 849 ob
719 801 782 850 hone
793 815 856 862 rem,

170 890 242 942 Quod
253 899 310 939 sunt
320 905 380 952 quos
390 904 465 951 genus
477 891 524 938 hoc
534 890 635 937 minime
645 891 723 949 Juvat,
734 897 818 952 utpote
828 891 910 953 plures

172 978 271 1040 culpari
281 978 374 1039 dignos.
407 977 522 1032 Quemvis
533 977 613 1026 media
624 976 684 1036 elige
695 978 783 1039 turba3

170 1068 221 1116 Aut
231 1067 406 1126 oberrantium,
419 1075 460 1115 sut
471 1067 560 1114 misera
570 1065 702 1114 ambitione
712 1067 814 1114 laborat.

172 1155 218 1203 Hic
229 1162 360 1216 nuptarum
370 1155 471 1203 insenos
481 1153 615 1212 amoribus,
624 1153 664 1200 hic
675 1167 806 1214 puerorum
815 1173 823 1214 3

173 1244 245 1289 Hunc
256 1242 319 1303 cepit
330 1241 422 1301 argenti
433 1241 564 1303 splend0r;
582 1247 662 1300 stupet
671 1240 758 1288 Albius
769 1253 833 1302 aere3

173 1329 219 1378 Hic
230 1329 309 1377 mutat
316 1341 407 1376 merces
419 1335 532 1388 surgente
545 1339 560 1374 a
570 1328 632 1385 sole,
644 1326 674 1374 ad
685 1341 741 1374 eum
753 1341 801 1389 quo

172 1417 316 1482 vespertina
326 1423 392 1478 tepet
402 1415 467 1476 regio
476 1435 484 1477 3
501 1414 559 1476 quin
572 1429 615 1476 per
625 1415 690 1463 mals
700 1429 805 1477 praeceps

175 1506 271 1565 Fertur,
282 1505 320 1554 uti
329 1503 407 1566 pulvis
418 1504 535 1552 collectus
545 1502 652 1562 turbine,
665 1517 697 1550 ne
708 1499 766 1564 quid

176 1595 276 1642 Summa
285 1592 399 1654 deperdat
409 1599 530 1653 metuens,
542 1598 583 1640 aut
593 1590 693 1654 ampliet
703 1597 730 1639 ut
741 1604 801 1638 rem.

177 1682 269 1731 Omnes
279 1680 306 1729 hi
317 1687 428 1730 metuunt
438 1695 532 1740 versus,
543 1681 615 1729 edere
627 1683 722 1730 Po'e'tus.

177 1775 197 1828 ii
202 1773 305 1820 Foenum
315 1772 388 1818 habet
398 1771 423 1818 in
435 1784 523 1828 cornu,
531 1772 603 1830 longe
610 1768 679 1830 ἤιξε,
690 1767 821 1818 dnmmodo
833 1768 909 1818 risum

178 1857 291 1906 Excutiet
302 1855 358 1915 sibi,
370 1869 421 1903 non
431 1855 471 1903 hic
481 1854 592 1915 cuiquam
603 1861 685 1916 parcet
695 1853 773 1901 amico
783 1873 789 1900 ι

179 1945 221 2004 Et,
233 1943 391 2005 quodcunque
402 1943 477 1990 semel
488 1941 578 1989 chartis
590 1939 704 1999 illeverit,
715 1953 800 1987 omnes

180 2031 273 2080 Gestiet
282 2044 298 2077 u
307 2032 380 2078 turno
391 2027 519 2076 redeuntes
530 2027 592 2076 scire
602 2029 714 2088 lecitque,

181 2119 213 2166 Et
224 2131 311 2181 pueros
322 2123 347 2164 et
357 2129 426 2164 snus.
458 2117 479 2170 i
483 2113 593 2174 Agedum
604 2126 680 2175 pauca
690 2110 769 2174 accipe
780 2118 879 2158 contra:

183 2204 293 2252 Primum
304 2216 349 2264 ego
359 2215 398 2250 me
409 2201 520 2261 illorum,
531 2199 639 2248 dederim
654 2198 740 2261 quibus
750 2211 803 2247 esse
816 2200 913 2258 Poetae,

181 2293 316 2353 Excerpam
327 2303 443 2338 numero:
461 2287 614 2350 nequeenim
625 2285 769 2335 concludere
779 2299 877 2333 versum

182 2378 280 2427 Dixeris
290 2391 343 2427 esse
354 2377 429 2438 estin
445 2390 534 2436 neque,
545 2375 566 2423 si
577 2374 632 2435 quis
644 2372 742 2432 scribut,
752 2371 789 2421 uti
800 2385 856 2431 nos,

185 2465 298 2516 Sermoni
309 2464 433 2527 propiore,
443 2470 513 2526 putee
523 2464 588 2512 hunc
599 2473 651 2509 esse
663 2462 772 2509 Po'e'tam.

186 2552 312 2614 ingenium
323 2551 362 2602 cui
373 2551 414 2612 sit,
425 2550 464 2599 cni
472 2564 540 2598 mens
553 2547 667 2608 divinior,
679 2556 750 2609 atque
760 2561 788 2598 os

186 2642 276 2700 Magno
285 2647 438 2698 sonatum,
449 2637 491 2686 des
503 2635 609 2685 nominis
619 2636 691 2694 hujus
703 2635 831 2682 honorem.

187 2726 278 2774 idcirco
288 2725 396 2787 qnidam,
408 2724 544 2784 cumdio,
554 2738 631 2772 necne
641 2725 732 2772 Pdeme

188 2815 269 2871 Esset,
280 2812 425 2874 quaecivme3
442 2812 507 2873 quod
517 2825 571 2860 noer
581 2809 680 2872 spiritus
692 2823 720 2857 ec
730 2807 766 2856 vis

190 2901 241 2946 Nec
250 2898 328 2946 verbis
338 2911 382 2946 nec
391 2899 464 2946 rebus
473 2899 553 2959 inest3
570 2895 618 2945 nisi
628 2896 694 2958 quod
704 2896 765 2958 pede
774 2899 840 2942 certo
900 2897 903 2904 '

6 2987 8 3060 i
189 2984 277 3034 Differt
287 2985 403 3044 emmoni,
414 2998 494 3033 sermo
506 2997 596 3033 merus.
630 2979 863 3043 tiAtpaterardens

6 3067 12 3381 ι
192 3071 275 3131 Saevit,
287 3071 352 3132 quod
362 3071 487 3120 meretrice
499 3067 773 3132 nepesinsanusamica

6 3597 10 3835 Ι
