2432 3874
440 613 578 662 EPODON
595 615 701 664 LIBER.

234 737 360 786 Germinat
371 745 395 786 et
406 753 530 801 nunquam
542 741 649 789 fallentis
662 749 752 790 termes
764 743 844 804 olivae,

233 874 236 881 ,
300 827 420 888 Sunmque
430 829 498 890 pulla
508 829 567 878 ricus
579 837 651 878 ornat
662 831 773 879 arborem
784 852 792 893 3
872 841 874 847 ⁴

232 914 375 964 Meliorem
385 924 485 964 manant
496 931 527 964 ex
539 918 594 966 ilice
604 938 612 979 3
630 919 754 968 montibus
772 921 827 969 altis

299 1004 368 1052 Levis
380 1012 494 1067 crepante
503 1005 602 1068 lympha
612 1005 693 1056 desilit
704 1007 771 1069 pede.

134 1083 136 1086 ’
235 1090 289 1138 Illic
302 1089 401 1150 injussae
412 1092 513 1139 veniunt
523 1091 554 1140 ad
566 1094 671 1140 mulctra
680 1094 788 1155 capellae,

279 1179 284 1188 '
298 1179 429 1240 Refertque
439 1186 508 1227 tenta
518 1193 577 1240 grex
588 1179 679 1228 amicus
690 1183 784 1243 uberu;

236 1269 287 1314 Nec
298 1266 448 1329 vespertinus
459 1267 625 1328 circumgemit
635 1282 707 1318 ursus
718 1269 786 1328 ovili,

303 1359 355 1404 Nec
365 1356 505 1405 intumescit
515 1357 565 1406 alte
574 1357 663 1420 viperis
673 1358 762 1408 humus
772 1379 777 1407 ε

240 1446 361 1506 Pluraque
372 1445 453 1494 felices
465 1445 625 1510 mirabimnr3
642 1455 670 1496 ut
681 1462 760 1510 neque
770 1449 842 1510 largis

301 1535 415 1596 Aquosus
425 1535 507 1583 Eurus
520 1549 577 1584 erra
587 1537 656 1584 radat
666 1537 795 1598 imbribus,

242 1620 342 1683 Pinguia
352 1636 397 1670 noc
407 1622 476 1672 siccis
487 1631 591 1672 urantur
602 1623 695 1674 semina
706 1625 793 1686 glebIs,

304 1712 442 1772 Utrumque
452 1725 508 1771 rege
518 1719 668 1773 temperante
679 1713 797 1761 coelitum.

245 1799 302 1846 Non
313 1799 360 1846 huc
370 1799 453 1858 Argoo
464 1798 589 1846 contendit
599 1799 689 1859 remige
699 1799 781 1860 pinus,

305 1887 389 1946 Neque
400 1885 521 1946 impudica
533 1885 629 1934 colchis
641 1886 724 1934 intulit
734 1887 829 1948 pedem,

241 1977 298 2022 Non
309 1975 357 2022 huc
368 1973 463 2022 Sidonii
473 1980 598 2022 torserunt
609 1987 701 2022 cornua
712 1983 803 2035 nautae,

304 2062 437 2111 Laboriosa
447 2076 492 2110 nec
503 2063 591 2111 cohors
603 2063 715 2126 Ulyssei:

244 2151 331 2212 [Nulla
341 2157 431 2198 nocent
441 2151 522 2212 pecori
534 2149 654 2212 contagia,
667 2151 759 2200 nullius
771 2152 830 2202 antri

305 2239 409 2300 Gregem
419 2245 523 2287 aestuosa
533 2247 611 2288 torret
621 2239 783 2302 impotentia]

240 2325 352 2390 Juppiter
362 2327 407 2376 illa
420 2327 466 2390 pier
477 2327 578 2376 rement
588 2327 673 2376 littora
682 2328 758 2389 genti,

304 2418 340 2465 Ut
351 2415 486 2477 inquinavit
498 2429 546 2464 rore
556 2412 651 2479 tempus
662 2429 776 2465 aureum:

240 2505 309 2564 AEre,
320 2503 407 2559 dehinc
418 2506 483 2554 ferro
494 2505 590 2554 durarit
600 2507 706 2568 saecula3
723 2521 827 2568 quorum

306 2592 355 2642 Piis
367 2594 481 2655 secunda,
493 2602 547 2644 vate
557 2609 607 2656 me,
618 2596 689 2648 datm
700 2595 764 2657 iugc
