2400 3898
387 582 429 629 nn
447 580 534 629 3333
553 580 706 650 roanos„
898 582 945 629 333

147 711 223 758 Posse
233 706 332 756 linenda
342 707 426 769 cedro,
437 715 462 757 et
471 707 519 757 levi
530 706 648 757 servanda
658 717 772 770 cupresso
783 709 792 756 i

144 800 196 846 Aut
207 798 322 860 prodesse
332 798 419 846 volunt
430 807 472 846 aut
483 794 602 847 delectare
614 796 704 860 poetae,

146 888 198 934 Aut
209 883 282 934 simul
293 893 318 934 et
327 885 435 946 jncunda
446 893 470 933 et
482 884 570 933 idonea
581 884 661 934 dicere
672 885 736 934 vitae.

149 975 269 1036 Quicquid
281 973 415 1037 praecipies,
427 980 480 1021 esto
492 972 589 1035 brevis3
606 981 634 1022 ut
645 974 693 1022 cito
699 973 770 1022 ‘dicta

149 1063 287 1126 Percipiant
298 1061 373 1110 animi
385 1061 486 1121 dociles,
497 1070 643 1123 teneantque
654 1061 753 1112 fideles:

150 1154 231 1203 Omne
243 1165 417 1215 supervacuum
429 1152 503 1213 pleno
515 1151 544 1199 de
554 1159 651 1214 pectore
662 1160 752 1200 manat.

151 1241 219 1290 Ficta
229 1240 360 1303 voluptatis
372 1254 454 1300 causa,
466 1240 515 1289 sint
526 1240 638 1303 proxima
649 1239 720 1288 veris.

151 1332 213 1389 Nec,
224 1329 383 1391 quodcunque
394 1331 469 1388 volet,
481 1337 564 1391 poscat
575 1328 621 1377 sibi
633 1329 715 1377 fabula
722 1327 788 1376 credi

153 1421 208 1466 Neu
218 1433 313 1481 pransae
325 1419 415 1467 Lamiae
426 1418 508 1466 vivum
519 1433 621 1480 puerum
633 1418 745 1466 extrahm
756 1417 818 1465 alvo.

154 1507 276 1556 Centuriae
288 1506 412 1555 seniorum
424 1506 516 1568 agitant
526 1507 635 1569 expertia
646 1506 739 1568 frugis3
753 1511 755 1516 ’

154 1594 219 1644 Celsi
231 1603 378 1657 praetereunt
385 1603 482 1644 austera
493 1601 606 1656 poemata
618 1596 754 1643 Rhamnes:
764 1628 766 1633 -

155 1685 236 1734 Omne
245 1683 303 1732 tulit
311 1691 428 1745 punctum
440 1683 482 1743 qui
493 1683 591 1730 miscuit
600 1682 661 1730 utile
672 1683 748 1742 dulci,

155 1773 282 1820 lectorem
294 1769 446 1828 delectando,
459 1768 597 1831 pariterque
609 1768 740 1817 monendo.
813 1793 818 1800 ‚
833 1763 837 1772 “

157 1859 203 1908 Hic
215 1866 293 1907 meret
303 1871 352 1906 aera
361 1857 423 1906 liber
436 1857 512 1906 Sosiis
522 1877 531 1919 ;
548 1857 588 1905 hic
599 1865 624 1905 et
635 1871 702 1905 mare
714 1857 811 1918 transit,

155 1949 188 1997 Et
199 1949 300 2009 longum
311 1953 370 1994 noto
381 1944 494 2008 scriptori
504 1952 618 2007 prorogat
629 1961 715 1995 avum.

158 2038 222 2086 Sunt
231 2035 319 2086 delicta
329 2042 410 2083 tamen
423 2034 509 2095 quibus
522 2033 642 2095 ignovisse
652 2035 769 2084 velimus:

158 2126 223 2171 Nam
234 2137 312 2184 neque
322 2122 508 2170 chordasonum
515 2120 595 2170 reddit
600 2136 673 2183 quem
684 2123 736 2171 vult
747 2135 833 2171 manus
844 2129 869 2172 et
876 2137 955 2183 mens,

158 2193 317 2272 Poscentiquc
328 2225 427 2272 gravem
438 2224 546 2272 persaepe
557 2210 661 2259 remittit
672 2218 785 2273 acutum3

161 2303 212 2349 Nec
222 2313 316 2362 semper
328 2299 399 2348 feriet
409 2299 569 2361 quodcunque
579 2299 711 2370 minabitur
723 2313 801 2348 arcus.

159 2391 251 2438 Verum
262 2387 305 2435 ubi
316 2387 387 2449 plura
398 2388 477 2436 nitent
487 2388 513 2436 in
524 2388 641 2450 carmine,
653 2403 702 2437 non
714 2403 757 2450 ego
768 2387 850 2452 paucis

163 2476 278 2526 Offendar
289 2475 401 2544 maculis,
414 2489 473 2536 quas
484 2483 527 2524 aut
537 2476 631 2526 incuria
642 2477 715 2538 fudit,

161 2568 211 2615 Aut
220 2565 327 2629 humana
337 2578 423 2626 parum
434 2564 497 2612 cavit
507 2573 602 2614 natura.
636 2565 701 2620 Quid
713 2580 769 2628 ergo
780 2569 836 2615 est?

162 2656 198 2704 Ut
209 2653 311 2715 scriptor
322 2652 343 2700 si
354 2659 436 2714 peccat
446 2651 510 2701 idem
521 2653 634 2702 librarius
649 2669 735 2715 usque,

163 2739 279 2796 Quamvis
291 2745 328 2788 est
338 2739 456 2800 monitus,
468 2731 539 2789 venia
549 2748 632 2802 caret;
650 2749 674 2790 et
684 2741 831 2790 citharoedus

164 2829 276 2888 Rideam,
287 2826 379 2875 chorda
389 2827 430 2888 qui
441 2842 535 2891 semper
546 2831 643 2877 oberrat
654 2829 752 2879 eadem:

165 2919 205 2968 Sic
214 2917 286 2979 mihi,
298 2916 340 2978 qui
351 2917 459 2965 multum·
467 2925 554 2978 cessat,
566 2919 594 2966 fit
606 2918 729 2969 Choerilus
740 2918 792 2979 ille,

165 3010 245 3062 Quem
256 3006 293 3055 bis
304 3013 389 3067 terque
400 3006 502 3067 bonum,
514 3021 569 3056 cnm
581 3006 632 3057 risu
643 3007 736 3069 miror;
753 3015 778 3056 et
788 3007 852 3056 idem

167 3095 293 3158 Indignor,
304 3094 446 3156 quandoque
457 3096 536 3144 bonus
547 3095 663 3145 dormitat
675 3089 815 3145 Homerus?
