2400 3898
256 557 303 606 ³34
490 557 521 609 Q.
539 554 679 605 HORA'i'li
699 554 815 604 lincol

237 695 241 710 ’
255 684 346 733 Verum
357 683 424 746 operi
435 685 509 746 longo
521 684 557 732 las
568 689 606 732 est
616 685 734 746 obrepere
745 697 868 732 somnum.

256 773 292 822 Ut
302 773 405 834 pictura,
416 772 510 835 poesis:
527 772 575 821 erit
585 787 650 834 quae,
662 771 684 820 si
695 761 794 834 propius
805 779 865 832 stes,

253 861 289 908 Te
300 859 378 924 capiat
389 860 476 922 magis,
487 867 513 910 et
523 859 645 922 quadam,
657 860 679 908 ni
688 859 783 921 longius
794 860 887 910 abstes:

255 949 312 996 Haec
324 956 390 997 amat
400 949 541 1010 obscurum,
553 951 619 999 volet
628 950 680 998 hsec
691 950 736 998 sub
748 949 802 998 luce
812 948 899 1009 videri,

252 1038 268 1086 J
271 1036 346 1085 udicis
359 1047 471 1099 munitum
481 1053 534 1100 qnae
545 1053 596 1087 non
608 1037 723 1087 formidat
733 1050 849 1086 acumen:

256 1127 313 1174 llaec
324 1126 416 1188 placuit
426 1129 511 1188 semel,
524 1128 575 1176 haee
586 1127 665 1176 decies
676 1127 777 1190 repetita
787 1127 901 1190 placebit.

256 1213 278 1262 Ο
290 1215 369 1274 major
376 1216 504 1276 juvenum,
516 1215 624 1278 quamvis
635 1224 660 1264 et
670 1230 729 1264 voce
741 1222 842 1278 paterna

254 1302 362 1363 Fingeris
373 1304 403 1352 ad
414 1313 517 1365 rectum,
528 1312 554 1354 et
562 1319 606 1367 per
617 1313 642 1354 te
653 1305 727 1368 sepis,
739 1305 786 1353 hoo
796 1304 842 1352 tibi
853 1304 945 1353 dictum

252 1391 324 1440 Tolle
336 1405 447 1455 memor;
465 1393 537 1442 certis
548 1394 657 1443 medinm
666 1401 691 1444 et
701 1392 828 1442 tolerabile
840 1395 913 1442 rebus

253 1481 326 1527 Recte
337 1481 447 1528 concedi:
466 1483 592 1530 consultus
601 1482 665 1540 juris
677 1490 701 1530 et
712 1490 779 1530 actor

254 1567 387 1615 cansarum
399 1566 527 1615 mediocris
538 1567 607 1614 abest
616 1566 706 1616 virtute
717 1569 803 1616 diserti

253 1657 375 1718 Messalae,
387 1670 431 1706 nec
441 1655 486 1704 scit
495 1661 612 1718 quantum
624 1655 757 1705 Cascellius
767 1657 847 1706 Aulus
857 1676 865 1718 ς

252 1745 300 1795 Sed
310 1755 392 1796 tamen
404 1745 429 1794 in
442 1745 520 1808 pretio
531 1753 581 1795 est:
600 1744 761 1794 mediocribus
773 1761 825 1795 esse
836 1745 915 1808 poetis

252 1837 309 1884 Non
321 1835 444 1895 homines,
456 1849 507 1883 non
515 1832 558 1894 Di,
570 1848 621 1883 non
632 1848 773 1884 concessere
783 1835 913 1883 columne.

253 1927 288 1974 Ut
298 1933 378 1986 gratas
390 1924 453 1972 inter
461 1937 557 1972 mensas
568 1923 713 1985 symphonia
723 1923 825 1984 discors,

251 2015 283 2061 Et
294 2027 401 2062 cressum
412 2021 574 2074 unguentum,
586 2021 611 2062 et
622 2013 700 2062 Sardo
711 2027 767 2062 cum
778 2015 851 2062 melle
862 2027 965 2078 papaver

252 2103 402 2165 Offendunt3
420 2111 514 2166 poterat
524 2103 579 2152 duci
590 2103 647 2165 quia
656 2117 726 2151 coena
737 2103 790 2152 sine
801 2102 867 2152 istis:

251 2191 291 2240 Sic
302 2191 390 2240 animis
402 2200 486 2240 natum
498 2192 670 2254 inventumque
682 2175 769 2254 poema
777 2190 900 2252 juvandis,

250 2279 276 2328 Si
287 2281 387 2342 paulum
398 2293 520 2329 asummo
527 2280 640 2340 decessit,
649 2279 727 2341 vergit
736 2279 768 2328 ad
779 2279 864 2328 imum.

249 2367 342 2416 Ludere
353 2369 395 2430 qui
407 2371 493 2431 nescit,
504 2369 677 2434 campestribus
688 2370 793 2419 abstinet
803 2368 887 2429 armis,

172 2445 174 2452 ’
250 2455 410 2518 indoctusque
419 2459 477 2520 pilae
489 2460 578 2508 discive
589 2459 697 2508 trochive
708 2457 825 2520 quiescit;

246 2546 287 2592 Ne
298 2535 380 2606 spissae
391 2545 467 2593 risum
476 2547 565 2593 tollant
576 2547 675 2607 impune
683 2562 794 2596 coronaez

199 2694 206 2706 ·
248 2633 297 2688 Qui
309 2633 395 2695 nescit,
406 2649 489 2683 versus
500 2643 581 2683 tamen
594 2635 666 2684 sudet
678 2636 786 2696 lingere!
805 2635 823 2691 ll
834 2633 951 2688 Quidni?

247 2724 319 2773 Liber
330 2733 354 2774 et
364 2727 494 2788 ingenuus,
502 2725 636 2790 praesertim
648 2740 734 2775 census
746 2731 882 2787 equestrem

248 2816 373 2864 Summam
386 2797 553 2877 nummorum,
565 2817 671 2878 vitioque
681 2823 790 2866 remotus
801 2816 832 2864 sb
845 2812 920 2863 omni.

246 2905 266 2959 ll
275 2905 314 2950 Tu
327 2904 388 2953 nihil
400 2905 476 2954 invite
486 2905 550 2954 dices
561 2906 663 2953 faciesve
675 2903 802 2964 Minerva3

246 2992 275 3040 ld
285 2991 329 3040 tibi
336 2993 454 3053 judicium
467 3002 514 3055 est,
525 3008 554 3042 ee
564 3008 648 3042 mens:
666 2992 687 3041 si
698 2991 756 3052 quid
766 2999 848 3040 nmen
860 2989 920 3038 olim

246 3079 388 3143 scripseris,
395 3082 421 3131 in
433 3081 504 3131 Metii
515 3083 644 3133 descendat
652 3079 740 3143 judicis
752 3093 832 3139 aures,
