2396 3866
199 511 230 556 24
400 531 403 540 ·
435 509 466 562 Q·
484 506 623 560 HORATH
641 507 758 556 FnAccr

200 633 260 689 Quis
272 643 327 697 post
337 633 394 682 vina
404 647 500 695 gravem
512 632 625 690 militiam
635 642 677 684 aot
688 631 826 696 pauperiem
837 635 936 696 crepat?

200 723 261 777 Quis
274 737 323 771 non
334 731 359 771 te
369 722 461 785 potius,
472 722 567 775 Bacche
577 730 655 784 puter,
666 729 748 783 teque,
759 721 846 772 deoens
857 722 939 769 Venus
950 723 960 767 ?

200 817 233 863 At
244 813 340 875 nequis
352 813 440 863 modici
451 813 685 864 transiliatruunert
695 812 786 873 Liberi,
810 843 816 850 -

201 904 336 952 Centaurea
347 908 430 952 monet
439 916 497 950 cum
506 899 615 963 Lapithis
626 900 680 952 rixa
690 913 763 963 super
774 915 842 950 mero

200 991 337 1040 Debellaoe:
359 997 443 1037 monet
453 988 571 1038 Sithoniis
582 1003 632 1037 non
644 988 703 1037 levin
714 989 807 1050 Euius3

201 1081 263 1129 Cum
275 1080 311 1128 fas
322 1087 394 1142 atque
405 1079 473 1128 nefas
484 1077 632 1140 exiguo-inne
642 1077 771 1126 libidinum
818 1115 820 1120 .

199 1169 347 1217 Diseernunt
356 1167 427 1217 avidi.
461 1169 518 1216 Non
529 1181 573 1228 ego
584 1175 620 1228 te,
631 1166 733 1216 candide
743 1169 871 1225 Bassareu,

95 1315 97 1318 Ι
199 1257 305 1306 invitum
316 1257 442 1319 quatiam
459 1272 503 1306 nee
513 1256 587 1306 variis
597 1255 676 1305 obsito
686 1255 812 1304 frondibus

199 1347 250 1395 Sub
261 1346 343 1396 divum
354 1346 460 1409 rupiumr
478 1360 540 1395 saeta
550 1354 606 1396 tene
616 1361 672 1395 cnm
682 1345 825 1408 Berecyntio

201 1434 418 1496 Cornutympuno,
430 1448 484 1494 quae
495 1434 649 1494 subsequitur
661 1447 738 1481 caecus
750 1434 828 1480 Amor
839 1432 887 1490 sui,

199 1523 231 1569 Et
241 1522 330 1570 tollens
341 1535 443 1571 notrum
454 1521 509 1583 plus
520 1519 597 1568 nimio
609 1519 695 1568 Gloria
704 1520 829 1579 verdoem,
895 1579 899 1590 Ι

199 1608 416 1688 Arruniqueiiides
427 1607 536 1672 prodiga,
547 1607 694 1671 perlucidior
704 1607 775 1656 vitro.

521 1967 587 2018 oud
608 1969 676 2016 XIX.

500 2167 535 2203 An
551 2167 701 2204 otrentum.

328 2317 423 2363 Mum
434 2327 497 2362 saeva
508 2313 666 2375 Cupidinum,

359 2402 528 2462 'inobenaeque
536 2402 606 2460 jubet
617 2414 657 2449 me
668 2400 774 2449 Semeles
787 2413 856 2461 puer,

329 2491 361 2536 Et
371 2487 460 2536 lasciva
470 2486 568 2536 lieentia
845 2485 847 2488 ’

360 2574 446 2624 Finitis
457 2574 565 2622 animum
577 2573 677 2622 reddere
688 2572 820 2623 amoribus.

329 2662 386 2713 Urit
398 2676 437 2710 me
448 2662 556 2725 Glycerae
567 2660 633 2711 nitor

361 2731 514 2814 splendentis
527 2749 599 2798 Pario
612 2762 733 2798 marmore
744 2748 842 2812 purius:

328 2837 386 2889 Urit
396 2845 464 2900 grou
473 2837 628 2900 protervitas,

360 2929 392 2976 Et
402 2927 484 2980 uultus
495 2926 599 2976 nimium
611 2925 719 2976 lubricus
730 2925 811 2989 aspici.

329 3017 357 3065 ln
369 3029 409 3066 me
419 3023 472 3066 totu
481 3029 555 3064 ruens
566 3016 649 3064 Venus

361 3105 468 3167 Cyprum
478 3103 601 3166 deseruit3
620 3117 665 3154 neo
675 3102 765 3167 potitur
777 3104 888 3168 Scythas,
