2400 3898
254 575 302 624 ³36
489 577 520 629 Q.
538 576 679 625 HORA'l'll
697 575 814 626 FLACCI
872 575 878 588 ⁵

253 705 305 752 Nee
312 703 371 752 satis
382 710 420 751 est
431 701 531 762 dixisse,
543 704 563 728 “
571 703 623 763 Ego
635 702 699 750 mira
709 708 823 765 poemata
834 719 926 767 pango:

252 793 272 817 “
282 792 390 853 Occupet
400 798 536 839 extremum
548 790 639 839 scabies
649 811 658 852 ;
675 791 736 840 mihi
747 799 817 854 turpe
827 794 933 855 relinqui
945 803 992 853 eet,

252 881 272 905 “
280 880 322 939 Et,
334 878 400 940 quod
411 893 461 927 non
474 878 557 939 didici,
569 893 627 927 sane
639 879 732 928 nescire
743 880 841 929 fateri.''
854 917 857 924 .

254 970 289 1018 Ut
299 983 389 1032 praeeo,
402 968 433 1017 ad
442 983 534 1017 merces
546 969 642 1016 turbam
654 967 695 1030 qui
706 968 770 1031 cogit
779 969 904 1030 emendas,

251 1058 421 1106 Assentatores
429 1057 499 1116 jubet
509 1055 541 1104 ad
550 1057 645 1104 lucrum
658 1055 693 1103 ire
704 1060 776 1119 poeta

252 1145 324 1194 Dives
334 1144 408 1206 agris,
421 1144 486 1192 dives
497 1143 582 1206 positis
593 1144 618 1192 in
632 1145 728 1194 foenore
739 1144 855 1194 nummis.

252 1234 279 1284 Si
291 1249 347 1284 vero
358 1242 405 1294 est,
417 1241 518 1283 unctum
529 1233 571 1295 qui
582 1242 647 1282 recte
657 1248 747 1296 ponere
758 1235 846 1297 possit,

251 1324 284 1372 Et
295 1323 413 1386 spondere
423 1323 470 1371 levi
481 1337 525 1385 pro
536 1336 651 1386 paupere,
662 1331 688 1371 et
697 1322 792 1386 eripere
802 1323 861 1372 atris

251 1413 346 1462 Litibus
357 1413 512 1477 implicitum,
523 1412 631 1462 mirabor
643 1412 664 1460 si
675 1411 734 1461 sciet
745 1412 823 1461 inter-

251 1504 357 1550 Nosoere
369 1502 509 1549 mendaeem
521 1515 652 1562 verumque
662 1502 747 1549 beatus
759 1500 870 1549 amicum.

249 1594 288 1640 in
296 1605 339 1639 seu
348 1588 457 1648 doneris,
468 1603 511 1636 seu
523 1587 581 1649 quid
591 1588 683 1635 donare
695 1591 761 1636 voles
772 1589 820 1648 cni,

250 1681 336 1730 Nolito
346 1680 378 1729 ad
387 1693 471 1728 versus
482 1677 527 1727 tibi
539 1677 614 1725 iactos
625 1676 712 1725 ducere
723 1678 823 1738 plenum

251 1769 369 1831 Laetitiae,
386 1767 501 1817 clamabit
511 1766 587 1826 enim,
622 1766 742 1814 Pulchre!
758 1768 832 1814 bene!
847 1771 926 1815 recte!

252 1861 370 1909 Pallescet
381 1873 453 1921 super·
464 1857 520 1920 his;
538 1851 610 1905 etiam
623 1853 725 1903 stillabit
736 1854 820 1903 amicis

252 1951 289 1998 lix
299 1949 376 1998 oeulis
388 1963 484 2009 rorem,
502 1945 583 2005 saliet,
595 1943 681 1992 tundet
692 1942 751 2005 pede
762 1951 861 1992 terram.

252 2041 288 2088 Ut
299 2039 339 2100 qui
350 2036 463 2085 oondueti
474 2037 572 2098 plorant
582 2033 609 2081 in
618 2033 714 2091 funere,
726 2031 811 2080 dicunt
837 2062 841 2068 ·

252 2129 284 2177 Et
295 2126 387 2178 faciunt
395 2139 469 2188 prope
480 2125 551 2187 plura
560 2100 699 2170 dolentibus
713 2133 744 2168 ex
757 2120 857 2181 animo;
875 2118 909 2167 sie

252 2215 353 2265 Derisor
363 2228 421 2262 vero
431 2213 487 2277 plus
497 2211 624 2282 laudatore
635 2215 754 2256 movetur.

253 2306 329 2366 Reges
341 2303 454 2351 dicuntur
466 2299 550 2349 multis
561 2311 664 2358 urguere
676 2295 785 2354 culullis,

252 2396 285 2442 Et
296 2402 410 2455 torquere
421 2405 500 2450 mero,
511 2403 582 2450 quem
594 2385 745 2450 perspexisse
754 2385 866 2432 laborant

253 2485 291 2531 An
304 2480 335 2528 sit
346 2479 452 2527 amicitia
463 2478 563 2538 dignus:
582 2475 603 2524 si
614 2473 723 2524 earmina
734 2472 834 2532 condes,

254 2571 393 2630 Nuquam
405 2574 429 2614 te
442 2567 528 2614 fallant
539 2563 615 2611 animi
628 2562 672 2610 sub
683 2563 754 2624 vulpe
765 2561 874 2610 latentes.

254 2656 375 2714 Quintilio
387 2654 408 2704 si
419 2653 477 2716 quid
488 2651 612 2709 recitares,
626 2648 728 2710 corrige
740 2649 809 2698 sodes

255 2753 319 2810 Hoc,
331 2748 421 2805 aiebat,
433 2753 457 2794 et
468 2745 529 2793 hoc:
547 2741 634 2791 melius
646 2748 670 2789 te
682 2753 753 2802 posse
764 2751 873 2799 negares,

255 2839 297 2887 Bis
308 2846 394 2898 terque
405 2842 531 2898 expertum
543 2834 644 2890 frustra,
656 2829 737 2877 delere
745 2827 855 2887 iubebat,
886 2893 889 2900 ι

254 2931 287 2977 Et
299 2928 362 2976 male
373 2931 483 2973 tornatos
493 2921 575 2971 incudi
587 2920 686 2968 reddere
697 2931 789 2965 versus.

256 3018 282 3068 Si
293 3016 423 3066 defendere
434 3013 549 3062 delictum
560 3025 634 3072 quam
644 3014 737 3057 vertere
748 3007 845 3065 malles,

254 3105 359 3156 Nullum
370 3104 436 3152 ultra
447 3102 549 3150 verbum
561 3106 603 3147 aut
614 3108 711 3160 operam
725 3093 863 3143 insumebat
875 3091 992 3152 inanem;
