2432 3874
264 591 320 640 vnn
511 592 542 644 o.
560 587 698 638 nonnru
711 563 833 636 'sunnon

276 720 363 768 cantet
374 726 399 766 et
409 717 517 780 apponit.
528 718 598 765 Meus
605 722 640 764 ert
651 729 718 764 amor
727 716 783 763 buin
792 715 888 767 similior
900 727 960 770 ,nom

277 807 420 855 Trambolat
427 807 452 853 in
462 807 537 853 medio
544 806 635 864 posita,
648 804 796 864 etflrgt'mtio
807 807 897 862 captat.

276 893 401 954 iiliiscine
411 892 535 941 versiculis
547 905 629 954 speras
639 889 684 938 tibi
694 904 765 952 posse
775 889 883 947 dolores,

275 984 355 1044 Atque
365 989 449 1042 aestus,
461 995 578 1044 ornusque
588 994 670 1042 graves
681 987 803 1042 epeetore
813 977 890 1041 pelli?

180 1105 182 1112 ,
276 1073 366 1119 Nonne
374 1069 525 1132 cupidinibus
537 1069 621 1118 statuit
632 1075 719 1116 nature
730 1067 848 1116 modum?
875 1080 957 1128 quem,

276 1159 342 1214 Quid
351 1161 440 1218 latore,
454 1159 499 1207 sibi
510 1158 568 1221 quid
580 1158 611 1207 sit
622 1157 728 1206 dolitura
737 1164 861 1218 negatum,

276 1249 391 1301 Querere
402 1248 457 1309 plns
471 1247 580 1309 prodest,
592 1253 616 1294 et
628 1245 699 1294 inane
711 1243 850 1294 abscindere
862 1241 949 1291 soldo?

275 1339 354 1396 Num,
365 1335 410 1384 tibi
421 1351 476 1384 cum
489 1336 568 1384 fauces
580 1335 630 1382 urit
640 1334 704 1393 sitis,
716 1347 789 1382 mtreo
799 1331 887 1394 quaeris

277 1425 367 1472 Pocula
377 1427 386 1472 ?
405 1439 465 1472 num
476 1423 585 1471 esuriens
597 1421 689 1470 fastidis
701 1421 785 1469 omnia
795 1428 883 1483 praeter

277 1515 398 1560 Pavonem
409 1511 604 1572 rhombumque?
622 1517 718 1558 tument
729 1509 773 1558 tibi
784 1523 840 1558 cnm
852 1508 961 1569 inguina,
968 1523 1037 1567 oum,
1049 1508 1070 1556 si

276 1594 374 1643 Ancilla
386 1602 512 1643 antverpo
523 1602 560 1642 est
570 1601 659 1656 presto
670 1607 740 1656 puer,
750 1593 855 1656 impetus
866 1593 892 1641 in
904 1607 975 1656 quem

279 1684 402 1734 Continuo
414 1683 466 1743 fiat,
478 1682 549 1731 malis
560 1681 676 1743 tentigine
687 1682 787 1745 rumpi?

279 1774 337 1820 Non
349 1786 411 1834 ego;
427 1786 532 1833 nomque
542 1770 675 1834 parabilem
685 1785 741 1820 amo
753 1771 883 1832 Venerem,
895 1772 1044 1842 facilemque.

277 1864 296 1922 ii
302 1862 384 1922 iilum,
396 1864 455 1910 Post
461 1861 549 1922 poulo,-
567 1863 695 1923 seripturis
700 1885 708 1916 r
726 1865 754 1912 Si
764 1866 849 1912 exierit
859 1865 909 1916 vir.-

278 1949 372 2012 Gallim
389 1950 461 2008 hone,
474 1949 629 1998 Philodemus
642 1951 686 2010 ait,
698 1950 755 2011 sibi,
767 1967 820 2014 quae
831 1966 908 2014 neque
919 1965 1006 2012 magno

278 2039 331 2088 Stet
341 2038 429 2102 pretio,
440 2052 518 2098 neque
528 2046 664 2099 cunctetur,
675 2053 731 2088 eum
742 2047 780 2088 est
787 2041 866 2100 jusso,
877 2038 959 2087 venire
968 2059 973 2085 z
1004 2081 1007 2090 .

279 2125 387 2175 Candida
398 2133 508 2186 recteque
519 2125 551 2174 sit
561 2145 568 2187 ς
586 2126 677 2174 munda
687 2126 814 2188 haetenus,
824 2134 852 2174 ut
863 2140 940 2188 neque
950 2127 1023 2187 longa

280 2215 331 2262 Nec
342 2211 417 2274 magis
429 2214 483 2261 albo
493 2213 561 2272 velit,
573 2227 645 2274 quam
656 2213 697 2261 det
708 2221 805 2273 natura,
815 2212 899 2261 rideri.

280 2304 349 2361 lieo,
360 2302 401 2350 nbi
410 2300 539 2364 supposuit
548 2300 635 2349 dextro
645 2315 732 2364 corpus
745 2301 806 2349 mihi
816 2303 914 2362 laevnm,

280 2389 325 2438 ilia
336 2398 361 2438 et
372 2390 468 2451 AEgeria
479 2398 530 2438 est:
547 2390 579 2438 do
591 2403 680 2440 nomen
691 2391 815 2454 quodlibet
825 2391 870 2440 illi.

280 2481 332 2528 Nec
342 2493 426 2527 vereor
437 2493 478 2538 ne,
491 2478 549 2526 dum
560 2479 640 2539 intuo,
651 2481 689 2528 vir
700 2495 757 2530 rure
767 2489 884 2540 recurrat,

280 2569 295 2616 J
298 2580 361 2614 anno
371 2567 504 2626 frangam,
514 2567 587 2614 latret
596 2569 673 2629 conis,
685 2569 791 2631 undique
802 2583 889 2630 magno

282 2656 355 2704 Pulsa
366 2654 452 2703 domus
464 2654 566 2718 strepitu
577 2665 684 2718 resonet,
697 2658 815 2720 vepallida
823 2659 885 2706 lecto

281 2744 382 2794 Desiliet
393 2743 490 2805 mulier,
502 2744 616 2795 miserum
627 2761 653 2795 se
663 2747 760 2797 oonseia
770 2749 874 2811 clamet;

281 2833 397 2882 cruribus
408 2833 460 2881 haec
471 2840 572 2893 metuat,
583 2833 635 2882 doti
647 2835 773 2898 deprenso,
785 2844 880 2896 egomet
892 2836 942 2899 mi3

281 2922 403 2970 Discincta
413 2922 495 2971 tunica
505 2923 644 2984 &fiendum
655 2932 702 2984 est,
713 2938 741 2972 ae
749 2924 809 2986 pede
821 2925 897 2986 nudo,

281 3013 319 3059 Ne
331 3012 425 3060 nummi
436 3020 546 3074 pereunt,
555 3021 596 3061 ent
607 3028 677 3076 pygo‚
689 3021 731 3062 out
742 3013 844 3076 denique
856 3016 929 3065 famo.

280 3100 402 3161 Deprendi
413 3101 529 3149 miserum
540 3108 590 3149 est:
608 3101 682 3150 Fabio
692 3101 728 3150 rel
737 3102 817 3162 jndioe
828 3105 931 3155 vineam.
